823 1277
40 721 61 739 {T

173 105 204 121 ενδ
281 104 335 121 Gonu
347 104 453 121 Alamannus
464 104 507 121 Nuvx
517 104 626 121 ‘Pu-raum.

197 153 290 171 rogamus,
297 147 382 168 Domine,
387 149 409 165 ut
416 153 457 165 ores
465 153 500 171 pro
509 148 566 166 servis
574 148 617 170 tuis,
625 148 657 172 qui
665 154 730 166 errore

198 172 269 191 seducti
284 172 342 190 επιιιιὲ.η
366 172 428 190 Tanta
445 175 507 190 autern
525 179 591 191 omnes
608 173 730 197 compunctio

199 196 259 215 cordis
268 196 358 220 tetigerat,
367 199 388 214 ut
399 196 468 215 diceret
481 197 609 221 Lysimachus,
618 198 650 221 qui
659 198 731 216 vicinus

200 224 245 243 erat,
253 221 317 239 “Vere
329 221 413 239 Christus
425 224 453 239 est
460 221 510 239 filius
523 222 563 243 Dei,
572 228 629 246 quem
641 222 731 247 praedicat

189 249 265 264 *servus
278 246 324 270 ejus,
336 246 434 264 Andreas?
460 246 527 270 Itaque
541 253 599 271 quum
613 253 678 265 omnes
691 253 734 265 cor-

200 271 281 289 ‘roborati
296 271 319 288 ab
336 270 421 295 apostolo
438 271 457 289 iu
472 271 510 289 fide
527 271 630 293 crederent,
645 274 733 296 parentes

200 298 262 314 tamen
276 295 360 313 infideles
375 298 488 317 manserunt,
502 298 521 314 et
534 299 643 314 execrantes
656 296 729 314 adoles-

201 323 280 342 centem,
295 320 371 338 domum
388 320 464 344 regressi
481 323 530 342 sunt,
545 321 644 339 subdentes
660 321 730 342 omnia,

202 351 244 369 quae
265 345 364 366 habebant,
385 345 462 369 publicis
484 345 588 364 ditionibus.
620 346 657 366 Qui
679 345 730 364 haud

185 373 197 381 ¹·
205 370 263 388 multo
273 372 320 394 post,
327 370 460 394 quinquaginta
467 370 531 388 diebus
538 370 610 394 elapsis,
617 370 672 388 unius
680 370 733 389 horae

203 397 298 413 momento
311 394 455 418 exspiraverunt.
481 395 506 413 Et
519 397 561 419 post
574 395 621 416 haec,
633 397 733 419 propterea

204 418 254 443 quod
266 419 362 443 diligerent
374 425 438 437 omnes
451 419 483 437 viri
497 420 575 438 civitatis
588 420 733 441 adolescentem,

204 444 228 462 ob
240 443 399 462 mansuetudinem
411 443 457 467 ejus,
466 444 597 468 patrimonium
609 445 626 462 ei
635 451 646 462 a
657 444 733 468 publico

205 470 232 486 est
247 469 358 486 restitutum.
384 468 409 486 Et
422 474 480 492 quum
493 469 595 493 possideret
609 472 676 487 cuncta
689 475 734 493 quae

187 496 198 504 ¹¹
205 495 291 517 parentes
302 493 342 517 ejus
355 493 453 514 habebant,
462 499 500 512 non
514 496 576 512 tamen
590 493 696 512 discedebat
708 494 732 512 ab

205 518 296 542 apostolo,
314 517 347 536 sed
367 517 438 536 tructus
460 518 571 542 praediorum
591 518 609 536 in
644 524 734 543 superum

205 542 344 561 necessitatibus
354 545 373 560 et
381 542 430 560 curis
438 542 559 566 indigentium
569 549 628 567 expen
642 543 690 561 ebat.

232 567 282 585 XIV.
297 567 355 591 Igitur
369 573 427 591 quum
439 567 498 585 multo
514 570 597 592 tempore
611 567 660 592 apud
675 567 734 586 Thes-

207 592 307 610 salonicam
327 594 401 610 sanctus
421 592 515 616 apostolus
537 592 612 610 Domini
631 598 669 610 una
690 598 734 611 cum

189 620 201 628 '¹
209 617 326 635 adolescente
349 619 458 638 moraretur,
480 617 595 641 congregatis
617 617 693 635 subinde
715 617 734 635 in

209 642 303 660 theatrum
312 641 375 659 multis
381 641 477 659 homiuum
486 642 571 663 millibus,
577 642 689 666 praedicabat
697 648 736 660 non

209 667 270 685 solum
279 666 362 684 Andreas
371 666 447 684 verbum
456 666 497 688 Dei,
505 666 537 684 sed
546 667 551 684 i
566 673 585 684 se
594 667 649 685 etiam
655 666 735 690 juvenis,

208 691 255 709 adeo
261 694 282 709 ut
287 691 397 709 mirarentur
403 691 465 709 cuncti
472 691 589 715 prudentiam
596 691 641 715 ejus.
668 691 735 715 Itaque

208 715 270 734 evenit
286 715 410 739 postmodum,
427 718 449 733 ut
469 716 556 740 Caspiani
576 716 671 740 cujusdam
692 716 736 734 civis

189 743 201 751 ¹¹
208 740 257 758 filius
266 740 320 758 valde
329 742 433 764 aegrotaret,
433 746 474 783 (fro
483 746 521 764 quo
530 746 588 764 quum
598 740 650 759 multi
658 743 676 758 et
685 747 696 758 a
710 741 735 759 ud

208 764 350 786 adolescentem,
363 767 382 783 et
395 771 432 789 npu
458 765 562 789 apostolum
576 765 636 789 ipsum
649 747 736 789 precilims

208 789 350 810 intercederent,
359 791 371 799 “
377 789 429 807 Nihil
438 790 481 811 est,”
489 789 550 813 inquit
561 792 636 808 sanctus
648 790 738 811 Andreas,

209 814 334 838 “impossibile
340 813 389 838 apud
396 814 501 832 Dominum.
515 814 551 832 Sed
557 817 619 832 tamen
625 817 646 832 ut
651 814 736 836 credatis,

209 838 294 857 adducite
308 844 350 857 eum
363 839 382 856 in
395 841 515 863 conspectum
529 841 619 860 nostrum,
632 841 652 857 et
664 839 737 857 sanabit

189 866 202 875 ⁸·
209 864 261 882 illum
282 863 372 882 Dominus
389 863 444 881 Jesus
461 863 561 881 Christus.’'
595 863 642 883 Quae
660 864 737 882 audiens

207 891 260 912 pater
269 888 339 912 aegroti,
346 888 426 906 cucurrit
434 894 479 906 mox
488 888 512 906 ad
520 888 580 906 filium
589 894 644 906 suum
653 888 736 906 domum.

208 915 220 923 “
228 913 294 934 Hodie,
306 912 420 934 Adimante,”
431 913 496 936 inquit,
505 912 550 936 (hoc
560 913 608 931 enim
619 915 659 931 erat
671 913 736 937 aegroti

169 955 171 957 ,
181 958 183 960 ,
207 938 259 962 pueri
268 937 428 966 nomem—“sanus
436 938 487 955 eris?
512 937 541 955 Ad
551 943 606 962 quem
614 937 670 960 filius,
676 940 689 948 ‘¹
696 938 707 956 J
709 944 738 956 nm

208 963 261 981 video
267 962 353 981 insomnii
359 962 395 980 mei
402 962 479 981 exitum.
502 962 551 981 Nam
557 968 592 987 per
599 962 680 986 quietem
687 962 738 981 hunc

189 989 201 998 ’¹
208 987 245 1005 vidi
253 987 319 1009 virum,
326 987 357 1011 qui
366 993 396 1005 me
404 987 492 1005 sanabit.''
518 987 543 1005 Et
552 987 593 1005 liaec
602 987 672 1009 dicens,
679 987 739 1006 induit
