823 1277
186 113 214 124 vu.
226 108 304 132 Hxs‘ums
315 113 350 124 nn.
362 108 406 124 Mn.
418 113 437 124 ιη·
447 112 480 124 ntr-
492 107 539 124 sim.
627 108 647 124 79

97 152 162 174 ceptus
170 150 238 168 ventris
243 150 270 168 tui
277 151 285 168 Τ
295 150 337 169 Hoc
344 150 460 169 solummodo
467 156 478 168 a
485 153 504 168 te
510 150 624 174 requirimus,

97 177 124 195 ut,
133 174 176 198 quia
184 174 195 193 J
197 175 253 199 oseph
269 175 368 193 mundatus
379 178 412 197 est,
424 175 534 196 confitearis,
543 175 583 199 quis
592 178 625 196 est,

96 199 128 223 qui
137 202 155 217 te
164 199 241 224 decepit.
251 200 318 218 Melius
327 203 354 218 est
363 200 418 221 enim,
425 200 481 218 vitam
490 202 541 218 tuam
550 199 623 218 confes-

95 224 122 242 sio
137 224 209 248 prodat,
224 230 280 248 quam
293 225 319 243 ira
335 225 368 243 Dei
381 224 427 243 dans
440 225 511 248 signum
525 224 543 242 in
556 224 621 242 faciem

96 251 148 267 tunm
156 249 175 267 in
183 249 245 267 medio
253 249 316 273 populi
325 252 343 267 te
352 249 471 268 manifestet.n
499 249 552 267 Tunc
562 249 633 267 Marias

96 273 186 298 intrepida
195 274 246 295 dixit,
255 276 266 284 “
272 274 291 292 Si
299 276 327 292 est
336 274 354 292 in
363 280 392 292 me
399 274 423 292 ali
437 280 461 292 ua
466 273 544 298 pollutio
553 276 585 291 aut
593 273 625 291 ali-

97 299 147 322 quod
156 301 258 322 peccatum,
267 301 299 316 sut
310 298 346 316 fuit
358 299 376 317 in
385 304 416 317 me
424 305 435 316 a
442 299 485 322 iqua
493 298 625 323 concupiscen-

96 323 123 341 tia
139 323 263 347 impudicitiae,
280 323 355 347 deteget
373 329 404 341 me
421 324 471 341 Deus
487 323 506 341 in
524 325 625 347 conspectu

98 348 181 365 omnium
193 348 310 372 populorum,
322 350 344 366 ut
355 347 401 366 fiam
414 348 498 366 omnibus
505 347 624 366 mendacibus

98 372 219 396 exemplum.”
245 372 269 390 Et
281 373 357 391 accessit
370 373 394 391 ad
408 372 465 391 altare
478 372 553 391 Domim'
568 372 624 390 conii-
632 378 644 388 ιο
668 376 672 380 ¹

98 397 169 418 denter,
178 399 196 415 et
204 397 250 415 bibit
258 403 325 421 aquam
338 397 442 422 potationis,
454 400 473 416 et
485 397 552 421 septies
560 397 625 415 circui-

97 422 124 440 vit
132 421 195 443 altaoe,
204 424 223 440 et
231 428 269 440 non
277 424 306 440 est
316 422 390 440 inventa
398 422 417 440 in
426 428 448 440 en
460 422 497 440 ulls
507 422 583 440 macula.
602 422 627 440 Et

99 452 157 470 quum
166 447 225 464 omnis
231 446 311 471 populus
318 449 400 489 stuYeret
408 448 427 465 et
435 446 535 468 haesitaret,
542 447 625 465 videntes

99 473 210 495 conceptum
216 471 290 493 ventris,
297 474 316 489 at
323 477 348 489 nu
356 471 394 489 lum
403 471 475 495 signnm
484 471 503 489 in
511 471 577 489 faciem
586 471 626 495 ejus

99 496 210 520 apparuisse,
219 498 315 520 coeperunt
324 496 372 514 int-ra
383 502 402 514 se
414 496 464 514 varia
473 496 536 520 populi
545 496 627 520 loquaci-
634 502 646 512 n

98 523 136 539 tate
150 521 224 539 turbari.
250 521 286 539 Alii
301 521 386 539 dicebant
400 521 523 542 sanctitatem,
537 521 568 539 alii
583 527 626 539 vero

99 551 132 569 per
147 545 214 563 malam
230 546 361 564 conscientiam
374 545 485 564 accusabant
500 551 546 563 eam.
572 545 626 563 Tunc

101 570 166 592 Maria,
181 570 245 588 videns
258 570 321 594 populi
334 570 456 594 suspicionem
467 576 506 588 non
518 576 541 588 ex
554 570 626 594 integro

99 595 155 613 fuisse
170 597 273 619 purgatam,
285 595 369 613 omnibus
384 595 500 613 audientibus
514 600 560 613 voce
578 594 627 613 clara

99 620 151 641 dixit,
160 622 171 630 ‘¹
178 619 226 638 Vivit
234 620 324 638 Dominus
334 620 406 638 Adonai
418 620 538 641 exercituum,
546 619 565 637 in
575 619 627 643 cujus
633 625 646 634 ι-

101 647 201 668 conspectu
215 647 250 665 sto,
263 644 350 668 quoniam
362 644 421 662 virum
435 650 530 668 nunquam
544 644 628 668 cognovi,

100 669 132 688 sed
146 675 180 687 nec
192 675 303 693 cognoscere
315 669 385 690 habeo3
400 669 443 693 quia
451 669 474 687 ab
483 668 560 687 infantia
569 669 627 687 oetatis

100 700 147 712 mea
156 694 174 712 in
183 694 219 712 hoc
228 696 309 712 mentem
319 693 393 712 definivi
399 696 418 712 et
425 694 460 712 hoc
468 694 508 712 Deo
514 699 556 712 meo
562 696 627 712 votum

100 719 134 737 feci
150 721 172 737 ut
179 719 219 743 ipsi,
228 718 259 742 qui
272 724 302 737 me
313 718 386 740 creavit,
397 719 416 736 in
429 718 533 742 integritate
542 724 626 743 peman-

87 751 90 753 ·
101 749 141 762 enm
156 743 175 761 in
184 749 221 767 qua
229 749 259 761 me
269 743 343 761 confido
355 743 389 768 ipsi
401 743 434 761 soli
447 743 507 761 vivere
522 745 541 761 et
549 743 582 768 ipsi
595 743 647 761 solia

102 768 141 786 sine
150 768 212 792 aliqua
219 767 327 792 pollutione,
334 768 422 792 quamdiu
429 768 498 789 vixero,
506 769 629 792 permanere?

102 793 155 811 Tunc
169 798 233 811 omnes
247 793 377 811 osculabantur
385 799 426 811 eam
440 795 532 817 rogantes,
544 795 565 811 ut
576 792 628 811 malis

100 817 236 842 suspicionibus
244 823 309 836 eorum
318 818 370 836 daret
377 817 515 841 indulgentiam.
525 818 550 836 Et
558 817 629 836 dedux-

103 845 158 861 erunt
166 848 206 860 eam
216 848 280 860 omnes
284 842 347 866 populi
354 844 373 860 et
381 842 486 860 sacerdotes
495 845 514 860 et
522 848 586 860 omnes
595 842 630 864 vir,-

103 867 155 892 gines
168 873 211 885 cum
219 867 332 885 exultatione
344 869 363 885 et
371 867 438 891 gaudio
451 873 510 891 usque
519 867 542 885 ad
551 867 628 885 domum
634 873 648 883 ὀ

103 898 155 910 suam
164 892 265 910 clamantes
274 894 293 909 et
301 891 382 910 dicentes
391 892 414 913 ei,
422 894 433 902 ‘⁴
441 892 468 910 Sit
477 898 543 910 nomen
554 892 628 910 Domini

104 917 227 938 benedictum,
236 916 267 940 qui
277 916 399 935 manifestabit
408 916 524 935 sanctitatem
529 919 580 934 tuum
589 916 629 934 uni-

104 948 162 960 versae
171 941 219 966 plebi
228 941 301 960 Israel.”

304 970 387 989 CAPUT
400 970 455 989 XIII.

156 1000 232 1018 Factum
242 1002 270 1018 est
278 1002 340 1018 autem
350 1002 392 1024 post
400 1000 515 1024 aliquantum
524 1001 603 1024 tempus,
612 1002 632 1017 ut
