823 1277
176 129 207 144 374
273 130 327 144 [mus-x
340 132 444 143 nrocnvpnus
456 127 498 143 Novi
511 127 616 143 Tssnusxii.

201 172 273 193 septem
285 169 384 187 haeresibus
396 175 438 192 quae
450 171 503 187 erant
511 169 529 186 in
541 168 618 192 populo,
626 168 650 186 de
660 168 729 192 quibus

201 194 285 217 superius
301 193 386 215 diximus,
399 194 468 211 interro
481 193 537 211 abant
553 199 602 214 eum,
618 193 662 216 quid
678 195 729 210 esset

202 218 269 236 ostium
282 218 361 236 Domini.
387 218 411 235 At
420 218 451 236 ille
476 218 541 239 icebat,
551 217 607 235 Hunc
617 223 656 235 esse
665 217 730 235 Salva-

203 245 267 261 torem.
293 243 323 260 Ex
344 242 410 266 quibus
431 242 520 266 aliquanti
540 242 663 263 crediderunt,
684 242 730 265 quia

190 270 195 278 ⁸
203 267 257 285 Jesus
275 270 302 285 est
319 267 408 285 Christus.
440 267 480 285 111ae
497 269 559 284 autem
579 266 664 287 haereses,
682 272 729 290 quas

202 297 258 316 supra
264 291 375 315 scripsimus,
381 297 419 309 non
427 291 550 312 crediderunt,
557 297 618 314 neque
626 291 728 309 surrexisse

202 322 252 337 eum,
272 322 332 339 neque
353 319 458 337 venturum,
477 318 499 333 ut
518 315 607 333 retribuat
628 315 729 339 unicuique

202 340 304 358 secundum
318 346 374 364 opera
387 346 430 358 sua:
448 340 485 360 Qui
499 346 543 358 vero
556 339 680 359 crediderunt.
692 345 728 363 per

202 364 293 383 Jacobum
300 365 422 383 crediderunt.
445 365 467 383 ln
474 364 539 388 quibus
547 370 604 388 quum
611 364 663 382 multi
671 364 727 382 etiam

184 392 195 400 “·
203 395 227 407 ex
238 389 350 413 principibus
361 389 486 410 credidissent,
495 388 607 413 perturbatio
617 391 657 406 erat
665 388 675 406 J
678 388 729 406 udae-

202 419 262 434 orum,
273 413 380 434 dicentium,
391 416 396 423 ⁴
404 413 455 431 Nihil
464 413 503 437 jam
515 416 604 437 superest,
612 413 656 437 quin
668 413 728 431 omnis

202 438 282 462 populus
296 438 358 456 credat
371 438 389 455 in
402 438 473 459 Jesum,
486 437 535 461 quod
548 438 586 461 ipse
599 438 622 455 sit
634 437 729 455 Christus!

203 462 338 481 Convenientes
352 462 407 486 igitur
421 462 445 480 md
460 462 556 484 Jacobum,
570 464 589 480 et
604 462 689 480 dicebant
704 462 728 483 ei,

203 489 208 497 ‘
216 487 295 505 Oramus
306 489 331 508 te,
343 489 365 505 ut
375 493 451 505 revoces
463 487 558 511 populum,
568 487 611 510 quia
622 492 666 504 ecce
678 489 728 504 errat

186 514 196 522 λ’
203 512 222 530 in
228 511 239 529 J
241 517 279 532 esu,
285 513 352 535 putans
359 511 409 535 quod
416 511 454 535 ipse
462 512 485 529 sit
492 511 580 529 Christus.
603 511 729 535 Deprecamur

203 541 247 559 ergo
255 538 280 556 te,
289 538 310 553 ut
318 536 395 554 suadeas
407 536 491 554 omnibus
503 536 654 554 convenientibus
666 535 684 553 in
698 535 728 553 die

202 560 279 578 Paschae
286 560 309 578 de
315 560 326 578 J
328 566 365 578 esu.
391 560 432 578 Tibi
441 560 490 578 enim
499 566 563 578 omnes
572 560 727 584 obtemperamus,

202 588 221 603 et
226 584 249 603 de
255 587 280 606 te,
286 587 323 603 tam
329 591 363 603 nos
369 591 425 608 quam
431 585 511 609 populus
516 585 640 603 testimonium
645 584 728 605 ierimus,

202 609 246 633 quia
251 609 313 633 justus
321 615 347 630 es,
356 612 375 627 et
383 615 481 633 personam
490 609 544 627 ullius
552 615 590 627 non
599 609 672 633 accipis.
698 609 729 627 Tu

184 637 197 644 ¹¹¹
204 640 248 657 ergo
257 634 313 652 suade
322 634 391 658 populo
400 634 423 652 de
432 634 443 652 J
445 640 483 655 esu,
490 640 514 652 ne
521 636 574 652 erret.
600 634 654 652 Tunc
664 639 728 651 omnes

201 659 233 676 tibi
241 658 352 677 obediemus.
378 658 463 676 Ascende
470 658 533 682 itaque
540 659 558 676 in
564 658 657 677 excelsum
664 658 727 676 locum

199 683 262 707 pinnae
270 683 341 707 templi,
347 685 369 701 ut
375 683 393 701 in
400 683 450 701 edito
458 683 529 706 positus
537 689 625 707 appareas
634 682 726 704 omnihu8‚

201 710 220 725 et
233 707 288 725 verba
300 710 333 725 tua
345 707 443 725 audiantur
455 713 466 725 a
479 707 561 725 cunctis:
578 707 622 731 quia
632 707 651 725 in
662 707 726 725 diebus

203 732 278 750 Paschae
292 732 401 750 convenient
414 738 451 750 non
465 732 524 750 solum
537 732 652 753 Judaeorurn,
663 731 694 750 sed
708 734 728 749 et

183 759 195 767 '³
203 756 304 774 Gentilium
312 756 421 774 multitudo!
447 756 555 774 Statuerunt
564 756 619 780 igitur
627 756 726 780 supradicti

202 780 270 798 Scribae
280 783 299 798 et
307 780 393 798 Pharisaei
402 780 492 799 Jacobum
502 787 523 799 su
537 787 558 799 ra
569 781 645 805 pinnum
656 780 728 804 tempii,

201 808 220 823 et
240 811 285 822 voce
306 811 372 829 magna
392 805 499 827 clementes,
532 806 611 827 ixerunt,
628 806 726 823 ‘Virorum

199 829 305 853 justissime,
319 830 348 847 eui
364 836 428 848 omnes
443 836 477 848 nos
491 830 618 854 obtemperare
632 830 727 851 debemus,

202 854 288 878 quoniam
300 854 380 878 populus
392 857 440 873 errat
452 857 494 879 post
505 854 569 872 Jesurn
581 854 613 878 qui
626 854 727 872 crucifixus

182 881 194 889 '¹
202 881 236 899 est,
244 879 323 897 enuncia
333 879 392 900 nobis,
400 879 445 903 quid
453 879 476 897 sit
488 879 555 897 ostium
568 879 641 897 Domini
647 880 654 897 Ζ
660 880 664 886 ’
676 878 726 896 Tum

200 903 281 921 Jacobus
298 903 321 921 nd
342 909 374 921 eos
393 904 462 926 ingenti
483 910 528 921 voce
545 903 645 927 respondit,
662 906 668 913 ¹
675 903 725 923 Quid

201 934 231 945 me
242 928 358 952 interrogatis
369 928 392 946 de
403 927 442 945 silio
454 927 546 946 hominis?
560 928 608 946 Ecce
621 928 660 952 ipse
673 927 727 945 sedet

200 952 219 970 in
228 952 276 970 coeio
285 958 296 970 a
304 952 374 970 dextris
382 958 460 970 summae
470 953 554 974 virtutus,
563 955 581 970 et
590 953 629 977 ipse
638 954 727 970 venturus

201 977 255 995 estin
266 977 343 995 nubibus
353 977 404 995 coeli:

189 1004 194 1011 ’
226 1001 257 1019 v1.
272 1001 334 1021 Quum
344 1001 377 1019 hac
387 1002 505 1026 responsione
515 1004 534 1020 et
542 1002 647 1020 testimonio
658 1001 724 1019 Jacobi
