823 1277
174 130 210 141 xm.
223 127 280 142 Aaou
292 126 337 142 His‘rl
349 127 456 145 Arosromczs,
468 127 492 142 tib.
504 127 518 142 ὗ.
593 127 624 142 :3517

71 171 99 186 est
110 168 133 186 ab
143 175 171 190 eo,
180 171 199 186 et
210 168 266 187 dabat
277 169 333 187 fidem
346 169 417 187 cunctis
430 169 545 188 sermonibus
557 169 600 188 suis.

71 193 108 211 Sed
117 193 182 217 utquid
191 199 227 217 ego
234 192 257 212 de
265 194 345 212 Domino
352 200 394 212 meo
402 200 439 212 non
449 194 535 216 referam,
542 200 600 218 quum

72 218 90 235 in
100 218 237 242 praesentiunt,
246 225 293 242 quos
302 219 321 237 in
330 219 369 243 ejus
381 219 455 237 nomine
465 222 484 237 et
493 219 544 237 vobis
554 225 601 243 prae-

71 243 154 261 sentibus
166 246 222 267 atque
238 243 380 268 adspicientibus
393 250 404 261 a
417 244 494 262 mortuis
508 244 601 262 excitavi?

73 267 94 285 In
112 267 165 292 cujus
180 268 254 286 nomine
270 271 288 286 et
304 268 415 293 paralyticos
432 271 506 287 curatos
524 268 612 290 vidistis,²

71 292 154 317 leprosos
162 293 267 314 mundatos,
273 295 292 311 et
301 299 362 311 coecos
371 293 496 315 inluminatos,
503 296 522 312 et
531 294 600 311 multos

72 317 151 341 denique
160 324 172 336 a
180 318 295 336 daemonibus
304 318 395 336 liberatos.
421 318 457 336 Sed
468 318 502 337 hus
511 318 600 337 virtutum

72 348 116 366 opes
131 342 199 361 habere
216 349 254 361 non
272 345 355 367 possunt,
370 343 402 367 qui
419 343 512 361 voluerint
529 343 601 361 divitias

72 367 140 385 habere
158 370 245 386 terrenas.
272 368 356 391 Denique
374 374 407 386 vos
427 368 461 392 ipsi
481 368 557 392 quando
577 368 601 386 ad

71 391 155 410 infirmos
172 392 259 414 intrastis,
272 393 357 411 invocato
375 393 449 411 nomine
467 393 512 411 Jesu
526 393 600 414 Christi,
608 396 620 403 ¹·

72 416 136 435 salvati
158 420 201 435 sunt
222 417 253 435 illi.
280 417 362 441 Fugastis
384 417 482 439 daemonia,
504 420 523 435 et
545 418 600 436 coecis

72 441 143 460 lumina
155 442 263 460 reddidistis.
290 442 338 461 Ecce
350 442 411 461 ablata
424 445 452 460 est
464 442 505 460 hoec
518 442 577 466 gratia
590 449 601 460 a

72 466 130 488 vobi&
137 469 156 485 et
162 466 206 485 facti
215 467 258 485 estis
267 467 333 489 miseri,
340 467 371 491 qui
379 467 434 485 eratis
442 467 500 485 fortes
508 470 526 485 et
533 467 600 491 magni.

73 491 99 509 Et
111 497 168 515 quurn
177 494 239 510 tantus
251 494 300 510 esset
312 492 366 510 timor
378 492 396 510 in
408 492 510 513 daemoniis,
518 495 539 510 ut
547 492 601 516 jussu

74 519 134 535 vestro
146 516 230 535 obsessos
241 516 325 535 homines
337 517 492 541 derelinquerent,
500 517 556 535 modo
567 523 600 535 vos
608 520 619 527 ¹*

74 541 160 559 timebitis
168 541 265 560 daemonia.
291 542 369 560 Amator
377 542 426 560 enim
438 542 528 566 pecuniae,
537 548 601 560 servus

74 568 103 584 est
118 566 218 584 Mamonae.
245 567 334 585 Mamonn
348 569 411 585 autem
429 566 518 585 daernonis
533 572 601 584 nomen

74 593 108 612 est,
125 591 157 615 qui
173 591 229 609 lucris
246 591 349 609 carnalibus
368 594 442 615 praeest,
459 593 478 609 et
497 591 602 609 dominator

74 622 138 634 eorum
146 616 177 640 qui
185 616 264 640 diligunt
271 616 367 634 mundum.
394 616 431 640 Ipsi
438 620 500 634 autem
510 618 601 634 amatores

75 641 139 659 mundi
148 647 185 659 non
195 641 289 665 possident
298 641 375 662 divitias,
382 641 415 659 sed
423 641 457 665 ipsi
466 647 477 659 a
485 640 551 659 divitiis
560 647 602 665 pos-
608 644 622 651 ¹⁰

75 666 163 684 sidentur.
195 666 301 684 Absurdum
321 666 370 684 enirn
387 667 421 687 est,
439 671 496 689 quum
513 665 537 683 sit
554 671 603 683 unus

75 693 145 712 venter,
154 690 184 708 cui
191 692 219 708 tot
231 690 266 708 cibi
277 693 396 714 reponantur,
405 690 437 714 qui
446 690 495 708 mille
507 690 601 708 ventribus

74 715 213 734 satisfacerent:
231 717 250 733 et
258 715 290 733 uni
302 715 374 739 corpori
383 718 411 733 tot
423 717 489 736 vestes,
498 721 540 739 quae
551 715 601 733 mille

75 740 171 758 hominum
185 740 292 764 corporibus
305 740 387 764 praebere
401 740 509 758 indumenta
523 740 601 758 valeant.

75 765 105 783 Sic
118 765 192 787 frustra,
206 765 255 789 quod
268 765 287 783 in
300 771 354 783 usum
368 771 405 783 non
419 765 475 786 venit,
486 765 599 783 custoditur:
608 768 620 775 ¹¹

76 793 95 808 et
103 790 133 808 cui
142 790 263 811 custodiatur,
272 790 347 808 omnino
356 790 443 811 nescitur,
452 790 524 808 dicente
534 790 602 808 Sancto

76 815 144 839 Spiritu
159 821 192 838 per
205 815 328 839 Prophetam:
342 815 393 833 Vane
407 815 528 833 conturbatur
542 815 602 833 omnis

76 839 138 861 homo,
148 840 179 863 qui
188 840 305 861 thesaurizat,
314 843 333 857 et
344 840 416 863 ignorat
425 840 454 857 cui
467 842 567 864 congreget
575 845 602 857 ea.

77 864 142 883 Nudos
157 871 191 883 nos
204 864 293 883 fuderunt
307 865 325 882 in
340 864 400 883 lucem
419 866 482 888 partus
498 864 602 886 mulierum¹

77 892 153 914 egentes
163 890 198 908 cibi
211 892 230 908 et
244 889 318 913 poculi:
338 889 397 907 nudos
410 895 444 907 nos
457 889 534 913 recipiet
547 892 601 910 terra,
608 892 621 899 ’ὓ

77 920 124 938 quos
133 914 194 933 edidit.
222 914 243 932 In
251 914 344 933 communi
353 914 467 938 possidemus
475 914 515 932 coeli
525 914 602 935 divitias,

77 939 163 964 splendor
172 939 215 958 solis
224 939 274 957 diviti
283 942 302 957 et
310 939 385 964 pauperi
395 939 471 963 aequalis
480 941 514 960 est,
520 939 602 957 similiter

77 964 127 983 lunae
138 964 201 983 lumen
210 967 229 982 et
237 964 323 982 siderum>
348 964 400 982 Aeris
412 970 487 988 quoque
500 964 602 988 temperies,

77 992 96 1007 et
109 989 212 1013 pluviarum
226 991 297 1013 guttae:
317 992 336 1007 ct
352 989 439 1007 Ecclesiae
452 989 515 1013 janua,
528 991 546 1007 ct
560 988 603 1007 fons

77 1014 232 1035 sanctificationis,
244 1017 262 1032 ct
275 1014 356 1032 remissio
368 1016 492 1038 peccatorum,
501 1017 520 1032 et
531 1014 621 1038 panici-'¹
