823 1277
209 130 231 142 n.
246 125 353 142 Evaunum«
364 125 448 142 quonm
458 125 524 142 an.
601 125 632 142 2⁰2².

84 169 154 193 templo
166 169 233 188 hostias
242 171 261 187 et
269 169 377 188 holocauste
385 169 484 188 offerentes
493 169 534 188 Deo
543 169 606 188 Israel.

84 194 109 213 Et
118 194 192 218 quando
201 194 280 219 suscepit
289 200 331 213 eum
341 200 418 219 magnus
430 195 514 213 sacerdos
526 194 606 216 Simeon,

84 222 148 238 tenens
161 225 203 238 eum
215 220 298 238 manibus
309 219 355 238 dixit
368 220 391 238 sd
402 226 451 242 eum,
463 220 518 238 Nunc
530 220 607 238 dimittis

84 250 157 263 servurn
165 247 224 266 tuum,
233 245 317 266 Domine,
326 244 427 263 secundum
438 245 515 264 verbum
526 247 579 263 tuum
587 245 606 263 in

83 276 128 294 pace
136 276 141 291 ;
155 270 198 294 quia
205 270 290 288 viderunt
299 270 347 288 oculi
356 270 391 288 mei
400 270 479 289 salutare
488 273 547 291 tuum,
556 270 606 294 quod
612 276 618 285 ¹

83 295 150 319 parasti
162 295 182 313 in
195 298 295 319 conspectu
308 295 390 313 omnium
402 295 525 320 populorum;
543 295 606 314 lumen

83 320 107 338 ad
123 320 253 338 revelationem
270 320 353 344 gentium
367 322 386 338 et
400 320 477 344 gloriam
494 320 552 344 plebis
568 323 606 339 tuae

84 345 146 364 Israel.
172 345 257 363 Similiter
265 347 285 363 et
293 345 331 374 ipse
337 345 410 363 Simeon
420 345 513 364 benedixit
522 345 606 366 Marium,

84 373 161 389 matrem
174 370 225 392 «Iesu,
236 373 255 388 et
267 370 314 389 dixit
325 370 348 392 ei,
359 370 456 389 Annuncio
469 370 501 389 tibi
514 370 537 389 de
550 376 607 395 puero

84 395 132 414 isto:
150 395 179 413 hic
192 395 262 419 positus
273 398 301 414 est
311 395 330 414 in
342 395 414 413 ruinam
426 397 445 414 et
456 395 606 414 resurrectionem
614 401 626 411 ιο

84 420 184 439 multorum
196 420 241 439 etin
254 420 326 445 signum
339 420 492 439 contradictionis.
518 421 543 439 Et
555 423 606 439 tuam

83 445 140 470 ipsius
148 446 227 464 animam
249 445 353 464 ertransibit
365 445 442 470 gladius,
450 445 495 464 dum
503 445 607 464 revelentur

84 471 184 489 multorum
201 477 224 489 co
246 471 284 489 ium
302 471 427 495 cogitationes.
452 471 505 489 Tunc
521 471 607 489 dixerunt

84 496 151 517 Judaei,
159 498 171 506 “
178 496 276 514 Mittamus
287 495 310 514 sd
319 496 359 514 illos
368 498 404 514 tres
416 496 470 518 viros,
479 496 510 520 qui
522 496 607 514 dixerunt

84 527 103 539 se
112 521 177 540 vidisse
185 527 227 539 eum
236 527 279 539 cum
285 521 377 545 discipulis
386 521 425 545 ejus
434 521 452 539 in
458 523 522 540 monte
529 521 606 539 oliveti!
613 527 625 537 u

85 546 127 565 Hoc
142 546 192 565 facto
208 546 301 564 venientes
314 552 335 565 ac
350 546 462 575 interrogati,
476 546 607 571 respondentes

84 577 122 590 uno
140 577 172 589 ore
185 571 278 593 dixerunt,
290 571 357 590 “Vivit
374 572 463 590 Dominus
476 571 527 590 Deus
544 571 608 593 Israel,

84 596 127 621 quia
132 595 228 615 manifeste
235 596 313 614 vidimus
318 596 382 615 Jesum
388 602 431 615 cum
436 596 528 621 discipulis
533 596 573 620 ejus
580 596 608 620 (in

84 624 148 640 monte
157 621 225 643 oliveti,
233 622 260 645 et)
274 621 404 640 ascendentem
416 621 434 640 in
447 621 519 640 eoelum.
545 621 607 646 (Tunc

83 647 147 665 Annas
152 649 171 665 et
174 646 253 671 Csiphas
258 653 277 665 se
299 649 376 671 egerunt
381 653 414 665 eos
417 646 440 665 ab
445 646 523 665 invicem
528 649 548 665 et
552 647 608 665 inter·
614 653 627 663 u

83 674 195 696 rogaverunt
200 677 232 690 eos
238 671 278 696 sigil
286 671 334 690 stim.
354 671 390 692 Qui
396 671 507 690 unanimiter
512 671 608 690 veritatem

85 696 195 715 confitentes
215 696 301 715 dixerunt
320 702 339 715 se
359 696 424 715 vidisse
443 697 522 720 Jesum.)
554 697 608 715 Tunc

85 722 148 740 Annas
157 724 176 740 et
184 721 263 746 Caiphas
274 721 365 743 dixerunt,
374 724 386 732 “
392 722 431 740 Lex
440 724 503 740 nostra
514 722 607 740 continet:

84 747 103 765 in
114 753 145 765 ore
152 747 231 765 duorum
240 746 269 765 vel
278 746 333 765 «rium
340 747 414 765 testium
421 749 457 765 stat
464 753 518 765 omne
525 747 606 765 verbum.

84 772 121 791 Sed
130 772 174 796 quid
183 772 279 790 dicemus?
292 772 341 792 Quia
349 772 413 790 beatus
422 772 486 791 Enoch
497 772 608 796 complacuit
614 784 626 794 ‚³

85 797 132 818 Deo,
145 800 164 815 et
177 797 275 815 translatus
288 799 316 815 est
329 797 385 815 verbo
398 797 439 819 Dei,
451 800 471 816 et
485 797 533 815 beati
546 797 609 822 Moysi

85 822 179 847 sepultura
190 828 228 840 non
240 822 337 844 invenitur,
347 825 366 840 et
378 822 439 841 Heliae
451 822 547 847 prophetae
561 829 610 841 mors

85 853 123 866 non
140 847 236 866 invenitur.
262 847 315 866 Jesus
332 849 394 866 autem
408 847 485 866 traditus
502 850 530 866 est
545 848 609 870 Pilato,

84 872 195 897 flagellatus,
206 875 295 897 sputatus,
308 872 363 897 spinis
377 875 482 894 coronatus,
492 873 558 891 lancee
568 879 610 897 per—

86 904 149 916 cussus
162 900 181 916 et
192 897 296 919 crucifixus,
308 897 326 915 in
338 897 388 921 ligno
399 900 482 916 mortuus
495 900 514 916 et
526 898 628 922 sepultus„

86 925 126 941 est:
139 925 158 941 et
167 928 233 947 corpus
245 922 284 947 ejus
295 925 346 947 pater
358 922 469 941 honorabilis
480 923 549 947 Joseph
558 929 609 947 sepe-

85 947 125 966 livit
132 948 151 966 in
160 947 244 972 sepulcro
252 954 307 969 novo,
314 950 332 966 et
340 947 448 966 testificatus
456 950 484 966 est
492 954 535 966 eurn
545 948 609 967 vidisse

86 973 154 992 vivum.
179 973 204 991 Et
212 976 249 992 tres
258 973 291 991 viri
302 972 327 991 illi
336 972 428 991 testificati
437 975 480 991 sunt
492 973 558 992 vidisse
567 979 609 992 eum

87 1004 129 1017 cum
143 997 234 1022 discipulis
247 998 286 1023 ejus
297 998 315 1016 in
327 1000 390 1016 monte
402 998 468 1017 Oliveti
480 998 608 1017 asoendentem

88 1023 107 1042 in
116 1023 190 1042 coelnm.
617 1030 629 1040 u
