823 1277
184 137 221 150 χιιι.
234 134 291 150 Anum
303 132 348 150 His-r.
360 134 469 153 Atos-rouen,
481 134 505 150 lib.
518 135 532 150 8.
605 133 638 150 41⁵

110 176 131 195 V.
145 176 198 195 Tunc
208 183 240 195 rex
250 177 266 195 ei
275 177 387 201 Polymius,‘
388 177 424 195 ‘Et
433 177 527 201 quomodo
535 177 612 201 (inquit)

84 201 146 219 dixisti
159 201 237 226 primam
250 201 298 220 hanc
311 208 351 220 esse
364 202 459 226 virginem,
471 208 494 220 ex
521 208 545 220 ua
558 204 613 220 natus

84 229 113 244 est
123 226 179 245 homo
191 232 234 244 cum
247 227 313 245 Deo‘.¹”
326 227 427 250 Apostolus
438 232 506 251 respon
520 227 543 245 it:
556 226 613 250 “Ago

86 251 126 269 Deo
139 251 213 275 gratias,
221 251 265 275 quia
276 251 345 269 solicite
357 251 414 269 audis.
439 251 534 272 Primus,‘
530 257 611 275 inquam,

84 275 141 294 homo
156 275 216 294 Adam
231 276 292 294 dictus
306 278 340 297 est,
355 276 387 300 qui
401 276 425 294 de
440 278 489 294 terra
502 275 563 294 factus
576 278 610 294 est.
619 278 625 286 ¹

85 300 142 319 Terra
151 303 214 319 autern
223 300 260 322 illa,
267 300 290 319 de
297 306 334 324 qua
342 300 403 319 faetus
412 302 446 322 est,
453 301 504 325 virgo
511 300 557 319 fuit:
571 301 614 324 quia

84 331 119 344 nec
127 325 216 353 sanguine
225 325 307 343 humano
319 325 391 349 polluta
402 325 470 347 iuerat,
478 331 512 343 nec
521 325 544 343 ad
553 331 573 343 se
587 325 614 343 ul-

84 353 144 368 (ιιι-ειη
153 349 231 374 alicujus
240 350 307 368 mortui
314 356 325 368 a
332 356 369 374 quo
384 356 426 368 uam
434 352 473 368 erat
482 352 551 374 aperta.
591 355 612 368 ar

85 380 129 399 ergo
141 377 187 396 erat,
197 377 218 393 ut
229 375 273 396 dixi,
284 377 305 393 ut
318 375 348 398 qui
360 356 419 393 fiiium
432 375 504 403 virginis
517 375 592 396 vicerat,
603 381 614 393 ιι

84 399 124 418 filio
136 399 209 423 virginis
221 399 330 417 vinceretur.
356 399 381 417 Et
392 399 440 421 ideo,
452 401 499 417 sicut
511 399 541 423 qui
553 400 611 418 victor
619 402 631 410 ¹·

85 424 167 443 extiterit
176 424 256 448 tyranni,
265 424 321 442 mittit
330 424 407 442 comites
416 430 465 446 suos,
472 424 519 442 utin
529 424 613 442 omnibus

86 448 138 471 locis,
144 449 175 467 ubi
183 451 273 473 tyrannus
281 449 368 473 possidet,
375 448 438 467 titulos
447 449 495 473 regis
503 449 530 467 sui
540 449 613 467 victoris

86 473 236 498 triumphatorios
249 473 357 498 imponant:
376 474 401 492 ita
415 473 444 492 hic
458 474 515 492 homo
530 473 614 492 Christus

86 499 137 520 Jesu,
149 498 180 522 qui
193 498 242 520 vicit,
254 498 303 516 misit
316 504 349 516 nos
362 498 380 516 in
394 504 459 517 omnes
472 498 580 522 provincias,
592 501 614 516 ut

86 523 201 547 expellamus
214 523 306 541 ministros
322 523 395 545 diaboli,
410 523 441 547 qui
454 529 488 547 per
503 523 573 547 templa
585 523 632 541 iti-'¹

86 548 164 566 stantius
175 548 265 566 habitant.
292 548 317 566 Et
326 548 410 566 homines
422 548 454 572 qui
466 554 497 566 eos
509 548 579 569 colunt,
591 547 614 566 de

87 574 179 597 potestate
190 572 230 597 ejus
240 572 272 596 qui
281 572 340 590 victus
352 575 386 594 est,
394 572 505 591 auferamus.
531 572 614 596 Ideoque

87 599 184 622 argentum
199 599 219 615 et
233 602 299 615 aurum
314 603 351 615 non
367 597 473 621 accipimus,
486 597 518 615 sed
532 599 616 615 contem-

87 622 147 641 nimus
160 622 259 646 sicutipse
276 622 392 646 contempsit.
418 622 446 640 Ibi
463 622 512 640 enim
530 622 614 646 cupimus

87 653 127 666 esse
135 647 207 668 divites,
216 647 247 665 ubi
260 647 320 665 solum
332 646 372 670 ejus
383 649 449 671 reg-nat
460 647 568 671 imperium:
581 647 612 665 ubi
621 649 633 657 ¹·

86 678 121 690 nec
134 672 219 695 languor,
232 677 267 689 nec
280 671 361 693 morbus,
373 677 408 690 nec
421 671 499 693 tristitia,
511 677 545 690 nec
558 677 615 693 mors,

86 697 149 715 locum
160 696 240 720 aliquem
251 696 325 714 babent.
351 696 387 714 Sed
396 696 427 714 ubi
438 695 516 714 felicitas
524 698 615 721 perpetua

87 724 106 740 et
117 721 212 739 beatitudo
238 721 310 739 erennis
321 723 355 742 est,
364 723 383 739 et
394 721 481 745 gaudium
493 721 532 739 sine
543 721 588 742 fine,
596 723 615 739 et

88 746 119 764 ubi
128 746 207 770 denique
229 746 286 764 eliciae
298 746 415 770 sempiternae
423 748 505 764 manent.
532 746 578 764 Inde
587 748 615 764 est

101 771 138 789 uod
151 771 240 795 templum
253 773 335 789 vestrum
347 771 445 795 ingressus,
459 770 569 792 doernonem,
581 771 613 794 qui
620 773 632 781 ¹¹

88 778 111 814 ge
126 796 175 814 idolo
189 796 244 814 dabat
257 801 351 819 responsa,
363 795 387 814 ab
400 795 469 820 angelis
482 795 527 819 ejus,
540 796 572 820 qui
584 801 614 813 me

89 820 144 842 misit,
157 820 255 844 religatum
272 820 351 838 obtineo.
377 820 469 840 Quocirca
484 820 498 839 si
513 821 536 838 ba
549 821 615 838 tizatun

89 845 153 867 fueris,
162 845 265 869 permiseris
273 847 292 863 te
303 845 413 867 inluminari,
422 845 488 863 faciam
500 847 519 863 te
527 845 588 863 videre
597 847 616 863 et

90 875 208 894 cognoscere,
217 872 287 893 quanto
295 870 344 888 malo
356 876 424 888 careas,
451 870 500 888 Nam
511 875 575 888 omnes
583 869 615 890 illi,

90 895 121 919 qui
135 894 200 919 jacent
214 894 232 912 in
248 897 285 912 tem
299 894 317 913 lo
332 896 450 919 aegrotantes,
465 894 508 913 audi
523 900 560 918 qua
575 896 614 912 arte
621 896 634 904 ’·

90 922 142 938 curet
151 925 183 938 eos
192 919 273 941 daemon,
287 919 355 938 allaciis
363 919 460 938 inludens:
473 919 521 937 sicut
527 919 616 941 diabolus,

91 944 122 968 qui
130 944 210 973 primum
222 944 315 962 hominem
324 944 374 966 vicit,
382 947 403 962 ut
412 950 461 969 saepe
471 944 509 968 jam
522 944 564 966 dixi,
574 944 617 968 quia.

89 975 124 993 per
135 969 192 993 ipsam
204 969 300 987 victoriam
312 969 416 993 pessimam,
425 971 536 997 potestatem
549 969 616 987 habere

91 993 168 1012 videtur.
194 994 234 1012 ΕΓ
229 1000 248 1012 ιιι
260 994 299 1012 aliis
311 993 384 1022 quidem
394 994 489 1022 majorem,
497 994 516 1012 in
525 993 564 1012 aliis
573 1000 617 1012 vero

90 1018 187 1040 minorem,
195 1019 214 1036 in
226 1019 254 1037 his
263 1019 338 1040 scilicet,
347 1018 378 1042 qui
391 1018 451 1037 minus
463 1018 615 1043 peccant.1pse
623 1021 635 1028 '¹
