823 1277
213 104 237 116 xx.
248 100 355 117 Eunoni-um
367 99 451 116 Nicoma!
463 99 529 116 Ian-ms.
614 98 646 115 1⁹⁹

296 143 365 159 CAPUT
376 142 421 159 XIV.

122 173 201 194 Quidam
215 176 276 192 autem
291 173 401 195 sacerdotes,
414 173 489 192 nomine
504 173 588 195 Phinees,
602 176 621 191 et

98 198 152 217 Adda
160 201 263 224 preceptor
271 201 290 217 et
297 199 369 217 Levites
378 198 452 217 nomine
462 199 541 223 Aggeus,
547 198 577 216 isti
586 200 623 217 tres

99 226 190 242 venerunt
208 224 232 242 de
249 224 325 242 Galilaea
341 224 360 242 in
377 223 485 245 Jerusalem,
502 226 521 242 et
537 223 623 242 dixerunt

99 249 212 274 principibus
226 249 341 267 sacerdotum
357 251 376 267 et
389 249 474 267 omnibus
488 249 506 267 in
521 249 624 273 synagogis,

100 274 143 299 quia
162 274 251 296 “Jesum‚
269 280 324 298 quem
345 273 466 295 crucifixistis,
483 274 561 292 vidimus
580 279 636 292 cum·

100 299 186 318 undecim
203 299 295 324 discipulis
312 299 348 317 suis
365 299 478 323 loquentem,
494 299 587 317 sedentem
604 299 623 317 in

99 324 161 343 medio
174 330 238 343 eorum
251 325 270 342 in
285 327 349 342 monte
362 324 429 342 Oliveti
444 327 463 342 et
477 324 568 342 dicentem
585 324 623 342 eis:

101 350 171 368 Euntes
186 355 219 374 per
234 355 308 368 omnem
322 349 411 367 mundum
426 349 525 374 praedicate
539 349 624 367 omnibus

102 374 193 399 gentibus,
201 374 314 399 baptizantes
323 380 354 392 eos
362 374 381 392 in
390 374 464 392 nomine
473 374 529 399 patris
538 376 557 392 et
565 374 597 392 filii
606 377 625 392 et

102 399 176 424 spiritus
196 400 258 418 sancti.
284 399 310 418 Et
327 399 359 423 qui
376 399 471 417 crediderit
488 402 507 418 et
524 399 625 423 baptizatus
632 403 658 415 n·

101 424 163 446 fuerit,
177 424 207 443 hie
222 425 282 443 salvus
298 424 347 443 erit-'¹
372 425 397 443 Et
413 430 469 448 quum
483 424 524 443 haee
537 424 625 448 loquutus

101 449 165 468 fuisset
173 449 264 474 discipulis
273 450 316 471 suis,
324 449 402 468 vidimus
413 455 456 468 eum
468 449 597 468 ascendentem
606 450 625 468 in

102 474 175 493 coelum.
200 475 225 493 Et
238 475 278 493 haeo
293 474 387 493 audientes
401 475 492 499 principes
509 474 625 493 sacerdotum

102 502 121 518 et
137 500 218 518 seniores
231 503 251 518 et
265 500 341 521 Levitae,
354 499 440 518 dixerunt
457 500 514 518 tribus
529 500 570 518 viris
585 500 626 521 illis,

102 527 114 535 “
121 525 168 543 Date
179 525 255 549 gloriam
265 525 305 543 Deo
318 525 374 543 Israel
382 528 401 543 et
409 525 457 543 date
461 525 477 543 ei
486 524 625 546 consessionem,
633 531 645 541 ιι

103 550 118 568 si
131 556 174 568 vern
185 553 234 572 sunt,
245 556 287 574 quae
299 550 367 568 vidistis
378 553 397 568 et
408 550 498 568 audistis!
524 550 553 568 Illi
564 552 626 568 autem

104 575 237 600 respondentes
256 575 347 596 dixerunt,
364 575 430 593 “Vivit
446 575 536 593 Dominus
553 578 626 599 patrum

104 603 215 621 nostrorum.
225 600 275 619 Deus
288 600 380 618 Abraham
391 602 410 618 et
422 600 472 618 Deus
480 600 532 618 Isaac
545 602 565 618 et
577 600 628 618 Deus

104 625 169 647 Jacob,
186 625 233 644 sieut
252 625 354 644 audivimus
374 625 480 649 loquentem
500 625 564 643 Jesum
584 631 627 643 eum

105 651 197 675 discipulis
206 651 242 669 suis
251 653 270 669 et
278 650 325 669 sicut
334 650 411 669 vidimus
419 656 461 668 eum
470 650 599 669 ascendentem
607 650 625 668 in
634 657 647 667 ¹0

106 676 179 697 eoelum,
194 676 289 694 veritatem
305 675 399 694 diximus.”
425 675 574 700 [Respondentes
590 677 627 694 tres

106 701 139 719 viri
150 700 250 725 dixerunt‚]
259 700 295 719 “Si
306 700 367 722 verba,
376 706 418 725 quse
429 700 531 719 audivimus
542 701 565 719 sb
577 700 628 722 Jesu,

106 728 125 744 et
134 725 202 750 (quod)
214 725 291 744 vidimus
303 731 345 744 eum
358 725 487 744 ascendentem
499 725 518 744 in
531 725 605 747 eoelum,
613 726 627 744 si

104 753 193 772 tacemus,
201 753 297 775 peccatum
306 750 409 769 habemus?
435 750 500 769 Statim
509 754 628 775 exsurgentes

105 776 197 805 principes
205 775 320 794 sacerdotum
333 778 417 794 tenentes
429 775 488 800 legem
502 776 575 794 Domini
585 782 647 794 con-2⁵

104 803 214 825 juraverunt
230 807 261 819 eos
280 800 367 822 dicentes,
384 801 445 819 “Jam
464 801 531 819 nemini
551 801 628 825 amplius

108 826 222 845 adnuncietis
231 826 291 847 verba,
298 832 340 850 quae
349 826 401 844 nobis
409 826 481 850 loquuti
489 826 533 844 estis
539 826 562 844 de
569 826 580 845 J
582 827 629 844 esu.''

107 851 132 870 Et
143 851 235 870 dederunt
246 851 272 869 eis
284 851 380 875 pecuniam
394 851 476 869 multam.
502 851 527 869 Et
539 851 629 870 miserunt

107 883 149 895 cum
163 877 188 895 eis
201 878 238 895 tres
250 877 304 898 viros,
315 879 336 894 ut
349 876 461 894 deducerent
472 882 504 894 eos
513 876 532 894 in
545 876 629 901 regiones

106 908 154 924 suas,
166 904 187 920 ut
201 901 253 920 nullo
265 901 321 920 modo
334 903 403 920 starent
415 901 434 919 in
447 901 554 920 Jerusalem.
580 901 647 920 Con-u

107 927 177 951 gregati
185 932 230 951 ergo
238 929 281 945 sunt
289 932 353 945 omnes
366 926 426 944 Judaei
435 929 454 945 et
462 926 546 945 fecerunt
554 926 601 945 inter
609 933 629 945 se

107 957 193 976 magnam
207 952 356 970 lamentationem
369 951 456 973 dicentes,
469 951 537 972 “Quid
550 951 586 970 hoc
595 952 630 977 sig-

108 983 153 995 num
161 976 231 995 factum
243 979 272 995 est
283 977 302 995 in
317 977 404 995 1mel²”
416 977 479 995 Annas
487 979 549 995 autem
558 979 576 995 et
589 977 630 996 Cai-

106 1002 154 1027 phas
160 1001 277 1021 consolantes
283 1008 315 1020 eos
321 1001 412 1023 dixerunt,
421 1004 432 1012 “
438 1001 533 1026 Numquid
537 1002 630 1025 militibus,
