823 1277
201 119 233 134 416
310 118 363 135 Coum
376 119 482 135 Apenninus
497 118 539 135 Novi
549 118 656 135 Tun-nutriri.

227 161 295 186 quippe
303 161 386 180 diabolus
395 161 439 180 facit
448 164 487 180 arte
496 167 530 179 sua
539 161 622 180 homines
629 163 726 185 aegrotare,
731 163 749 179 et

228 186 292 204 suadet
298 192 330 205 eos
337 186 411 204 credere
417 186 474 204 idolis.
500 186 531 208 Et,
537 189 558 204 ut
563 186 581 204 in
585 186 680 204 animabus
686 191 749 204 eorum

227 213 338 235 potestatem
348 211 435 233 obtineat,
444 214 503 229 cessat
512 217 544 229 eos
554 214 598 229 tunc
606 210 681 232 laedere,
692 216 750 234 quum

227 236 307 254 dixerint
322 236 383 260 lapidi,
397 238 430 254 aut
445 235 520 254 metallo
529 242 533 254 :
549 236 579 254 Tu
593 242 613 253 es
627 235 677 254 Deus
693 241 750 253 meus⁴

214 263 219 270 ¹
227 260 263 278 Sed
273 261 317 284 quia
328 261 400 279 daemon
413 261 445 284 qui
456 261 475 278 in
487 263 547 279 statua
558 260 635 282 latebat,
644 260 684 284 jam
696 266 708 278 a
721 266 750 278 me

227 285 299 303 vinctus
313 288 393 307 tenetur,
406 285 551 304 sacrificantibus
565 288 583 303 et
596 291 616 303 se
631 285 750 303 adorantibus

227 310 299 328 nullum
307 312 369 334 potest
378 310 421 328 dare
430 316 544 334 responsum,
570 310 607 328 Sed
614 310 629 328 si
637 310 664 328 vis
673 309 751 333 probare

226 335 252 352 ita
264 341 310 356 esse,
320 334 391 359 jubebo
402 334 428 353 illi
440 337 461 353 ut
472 334 585 359 ingrediatur
597 337 677 352 statuam
691 340 751 355 suam,

226 359 314 377 etfaciam
320 366 363 377 eum
367 359 452 378 confiteri
457 360 492 378 hoc
498 359 564 383 ipsum,
570 359 620 388 quod
626 359 649 377 sit
656 359 750 383 religatus,

209 387 220 394 ¹¹¹
228 387 247 402 et
256 390 344 408 responsa
351 384 429 408 amplius
435 384 479 402 dare
486 390 523 402 non
530 385 603 408 possit.”
629 384 677 402 Dicit
686 384 703 402 ei
712 390 751 405 rex,

226 411 238 419 “
247 409 292 427 Cras
299 409 357 433 pn'ma
364 408 410 427 hora
416 409 475 433 parati
482 412 536 427 erunt
544 408 642 433 pontifices
649 408 752 427 sacrificare

225 433 257 455 illi,
265 436 284 451 et
293 439 328 457 ego
336 433 371 451 illis
376 433 399 452 ibi
408 440 452 452 mox
460 434 594 458 superveniam,
603 436 624 452 ut
633 433 704 452 videam
715 433 750 451 hoc

226 457 297 476 factum
303 458 400 476 mirabile.”

252 483 284 501 VI.
294 483 370 501 Factum
380 486 407 501 est
416 483 474 501 altera
483 483 518 505 die,
526 483 586 507 prima
594 483 641 501 hora
649 483 691 504 diei,
697 482 753 501 sacri-

207 510 219 518 ¹⁸
226 507 325 526 ficantibus
339 513 367 525 coe
381 508 395 526 it
408 508 488 526 clamare
497 508 577 529 daemon,
588 508 681 526 “Cessate
689 507 751 525 miseri

226 532 331 550 sacrificare
340 532 364 550 mi
379 533 390 554 i,
400 538 423 550 ne
432 532 495 557 pejora
502 533 602 557 patiamini,
608 538 664 557 quam
672 538 715 556 ego,
721 532 753 556 qui

227 557 297 575 catenis
305 557 363 581 igneis
372 557 460 581 religatus
466 564 506 576 sum
514 558 537 575 ab
544 557 613 582 angelis
622 557 667 575 Jesu
677 557 752 578 Christi,

227 588 283 606 quem
292 581 352 600 Judaei
362 582 499 604 crucifixemnt,
507 585 594 607 putantes
606 588 649 600 eum
660 582 679 600 in
691 584 753 600 morte

226 612 281 631 posse
294 606 372 625 detineri
380 613 384 625 :
399 607 434 625 Ille
450 610 512 625 autem
529 607 587 631 ipsam
606 609 691 628 mortem,
710 613 754 631 quae

207 633 220 641 ¹¹¹
227 631 291 656 regina
304 634 368 650 nostra
380 634 414 654 est,
427 632 532 656 captivavit,
545 634 564 650 et
576 632 636 656 ipsum
650 631 753 656 principem

227 659 317 678 nostrum,
326 657 412 675 maritum
421 657 490 678 mortis,
499 657 576 675 vinculis
584 657 645 681 ignitis
653 656 725 675 vinxit:
735 659 753 674 et

227 681 281 699 tertia
289 681 318 699 die
328 681 386 699 victor
394 681 459 699 mortis
468 684 486 700 et
495 682 568 702 diaboli,
578 681 684 703 resurrexit,
693 683 713 699 et
722 681 753 699 de-

226 705 253 724 dit
262 706 335 730 signum
348 706 407 724 crucis
419 712 458 724 suae
470 706 557 731 apostoiis
568 706 611 728 suis,
619 712 666 730 quos
675 706 726 724 misit
735 706 753 724 in

225 730 320 749 universas
330 731 378 749 orbis
390 733 458 755 partes,
469 737 492 749 ex
505 731 572 755 quibus
583 734 602 749 et
614 731 644 749 hic
657 736 705 749 unus
718 733 753 752 est,

206 757 218 765 '²
226 755 258 779 qui
268 761 297 774 me
307 756 389 774 vinctum
399 758 455 774 tenet.
481 756 527 774 Peto
536 758 598 774 autem
606 762 646 777 vos,
653 758 674 774 ut
682 756 753 780 rogetis

226 785 269 797 eurn
278 786 312 804 pro
321 786 356 801 me,
366 783 386 798 ut
395 781 475 799 dimittat
483 787 513 799 me
522 781 547 799 ire
556 781 580 799 ad
588 780 664 799 alteram
675 780 752 804 provin—

226 804 288 822 ciam!⁸
294 805 341 824 Quae
345 805 376 823 ubi
380 805 478 823 audivisset
482 805 636 827 Bartholomaeus,
640 808 651 815 “
656 804 753 824 Confitere

226 829 303 853 (inquit)
312 830 463 852 immundissime,
471 830 516 849 istos
524 836 588 849 omnes
597 830 629 854 qui
636 830 665 848 hic
672 833 753 854 aegrota-

226 854 286 872 tiones
299 855 357 873 varias
371 855 473 879 patiuntur,
486 855 527 879 quis
541 858 574 876 est,
588 855 620 879 qui
634 861 665 873 eos
679 855 730 873 iaesit
737 856 753 873 Τ

206 881 219 889 ”
227 879 330 903 Respondit
336 879 416 901 daemon,
422 882 433 890 ‘¹
439 880 527 904 Princeps
536 882 598 898 noster
604 879 687 898 diabolum
696 879 754 904 siqui—

225 903 267 922 dem
277 904 332 922 modo
341 904 407 928 ligatus
417 907 450 926 est,
462 905 501 929 ipse
514 911 548 923 nos
559 905 615 923 mittit
630 905 654 923 ad
664 904 753 923 homines

224 931 246 947 ut
252 928 348 951 laedamus,
354 929 413 953 primo
419 929 492 953 quidem
499 936 572 948 onmem
579 935 643 948 eorum
651 930 753 953 :qnoniam

224 954 294 972 animas
300 953 395 972 hominum
401 960 438 972 non
444 960 542 978 possumus
547 955 614 973 habere
622 955 639 973 in
646 956 751 979 potestate,

224 978 257 996 nisi
267 978 415 997 sacrificaverint.
441 980 466 997 At
475 979 506 998 ubi
515 985 549 1004 pro
558 979 617 997 salute
629 979 713 1003 corporis
722 979 751 997 sui

206 1005 218 1013 ’¹
226 1003 278 1021 nobis
287 1003 436 1025 sacrificaverint,
445 1010 537 1023 cessamus
546 1004 629 1028 affligere
638 1004 679 1022 illos
688 1009 712 1021 ex
723 1010 754 1026 eo,
