823 1277
194 127 209 139 x>
219 122 326 139 Evmonuuu
340 123 423 140 Nmonnin
437 123 500 140 Gucz
600 122 629 139 201

86 166 143 191 gavisi
150 169 198 189 sunt,
207 170 226 186 et
231 167 356 192 glorificarunt
363 167 418 186 deum
428 167 485 189 Israel,
494 167 537 192 quia
544 168 607 186 inven-

86 194 116 210 tus
133 194 161 210 est
174 192 249 217 Joseph,
264 199 319 217 quem
332 193 444 211 incluserunt
456 193 474 211 in
488 193 572 212 cubiculo
589 195 608 211 et

87 223 124 235 non
131 217 244 236 invenerunt.
270 218 295 236 Et
299 218 386 237 facientes
393 218 553 242 congregationem
558 224 608 242 mag-

88 248 130 260 nam
140 242 225 261 dixerunt
235 243 326 268 principes
338 243 460 265 sacerdotum,
471 245 482 253 ‘⁶
489 243 532 263 Quo
545 243 608 262 ordine

88 273 184 291 possumus
196 268 286 287 adducere
299 268 368 292 Joseph
382 268 404 286 ad
419 274 458 289 nos,
471 270 489 286 et
502 268 552 292 loqui
565 274 620 287 cumn

87 293 139 311 eo?’'
164 293 188 311 Et
201 293 286 312 tollentes
299 296 370 312 tomum
383 293 452 311 chartae
465 293 576 317 scripserunt
584 293 608 311 ad

88 317 157 342 Joseph
175 318 262 340 dicentes,
279 321 290 328 “
298 318 336 336 Pax
352 321 413 336 tecum
435 321 454 336 et
470 318 560 340 omnibus,
577 318 609 343 qui

87 345 149 361 tecum
158 345 206 361 sunt.
231 343 308 365 Scimus,
316 343 360 367 quia.
370 343 485 367 peccavimus
494 344 512 361 in
526 343 581 362 deum
590 345 609 362 et

87 368 106 386 in
115 370 139 386 te.
165 368 244 392 Dignare
253 374 297 392 ergo
306 368 366 386 venire
378 368 401 386 ad
410 371 471 393 patres
482 371 525 386 tuos
533 371 552 387 et
560 368 609 387 filios

88 395 136 414 tuos,
145 393 176 417 qui
185 393 268 411 admirati
275 399 337 412 sumus
347 393 369 411 de
376 393 500 417 assumptione
509 396 545 412 tua.
571 393 609 412 Sci·
616 404 628 414 ι.

88 423 135 439 mus,
144 418 187 442 quin
196 418 295 443 malignum
306 418 401 437 eonsilium
415 418 533 442 cogitavimus
546 418 608 437 adver-

88 449 128 461 sum
144 446 168 465 te,
180 446 199 461 et
210 443 300 462 Dominus
312 444 392 468 suscepit
401 446 432 465 te;
446 446 464 461 et
472 443 511 468 ipse
520 443 609 462 Dominus

87 467 170 486 liberavit
182 471 201 487 te
212 468 235 487 de
248 468 328 493 maligno
340 468 416 487 consilio
429 471 498 487 nostro.
523 469 562 487 Pax
571 469 609 490 tibi,

89 492 162 512 domine
179 493 254 518 Joseph,
267 493 377 512 honorabilis
391 493 413 512 ab
426 493 476 512 omni
491 493 559 518 plebe-*¹
585 494 610 512 Et

88 518 183 542 elegerunt
193 521 263 543 septem
275 519 322 537 viros
333 519 401 537 amicos
411 518 487 543 Joseph‚
496 521 515 537 et
523 518 609 537 dixemnt
616 528 627 538 n

88 543 112 561 ad
128 549 172 562 eos:
190 544 257 562 “Dum
270 544 388 568 perveneritis
404 543 427 562 ad
443 543 519 568 Jnseph,
531 544 609 562 salutate

88 574 131 586 eum
144 569 162 586 in
175 574 220 592 pace
233 569 297 587 dantes
310 568 421 593 epistolam?
446 569 471 587 Et
483 569 610 593 pervenientes

89 593 122 611 viri
131 593 154 611 ad
162 593 238 618 Joseph,
246 593 345 612 salutantes
354 600 402 615 eurn,
411 593 486 618 pacifice
495 593 585 612 dederunt.
593 594 610 612 ei

89 618 170 637 libellum
179 619 265 643 epistolae.
291 619 316 637 Et
325 625 382 643 quum
391 619 463 643 legisset
474 618 549 643 Joseph,
558 618 610 640 dixit,

88 646 99 654 ‘⁴
105 644 215 662 Benedictus
224 644 314 663 Dominus
323 644 379 666 Deus,
388 644 419 668 qui
428 644 506 662 liberasti
518 644 582 666 Israel,
590 646 628 664 utu

89 674 126 687 non
133 669 236 687 effunderet
241 669 348 693 sanguinem
353 670 425 687 meum!
439 669 549 687 Benedictus
555 669 611 691 Deus,

90 694 121 718 qui
131 694 227 718 protexisti
238 700 268 712 me
277 693 310 712 sub
322 694 354 712 alis
364 694 409 712 tuis!
418 695 427 701 ¹'
444 694 468 712 Et
479 694 572 712 osculatus
583 697 610 713 est

89 725 121 737 eos
138 718 214 743 Joseph,
230 722 249 737 et
265 719 345 743 suscepit
360 719 379 737 in
396 719 471 737 domum
488 725 545 737 suam.
570 719 611 738 Alia

89 746 151 762 autem
158 744 187 762 die
194 744 294 762 ascendens
300 744 311 762 J
313 744 369 769 oseph
376 744 447 762 asinum
453 750 506 762 suum
511 744 611 763 ambulavit

88 775 131 787 cum
142 769 183 791 illis,
195 771 213 787 et
224 772 344 793 perrexerunt
355 769 372 787 in
384 769 492 788 Jerusalem.
517 769 542 788 Et
553 775 628 793 quumu

88 793 181 812 audissent
189 794 230 813 haec
239 800 303 812 omnes
311 794 322 813 J
324 794 377 816 udaei,
386 797 505 813 occurrerunt
513 795 530 812 ei
539 794 611 813 obviarn

88 819 189 837 clamantes
201 822 220 838 et
231 819 318 841 dicentes,
326 822 338 829 “
345 819 384 838 Pax
392 819 410 837 in
423 819 499 838 introitu
512 822 550 841 tuo,
560 822 611 844 pater

90 844 187 873 Joseph!”
207 844 278 865 Quibus
294 844 407 869 respondens
420 844 451 865 ait,
466 844 520 863 “Pax
538 844 611 863 Domini

90 876 140 888 omni
154 869 248 894 populo!”
261 870 286 888 Et
297 869 373 888 osculati
385 873 428 888 sunt
439 870 561 888 eum'ornnes.
587 870 612 888 Et

89 895 169 919 suscepit
182 901 224 913 eum
236 894 348 913 Nicodamus
359 895 377 913 in
388 894 462 913 domum
476 900 534 916 suam,
542 894 611 913 faciens
618 904 630 914 w

145 926 174 938 am
188 920 327 944 susceptionem.
353 920 394 938 Alia
405 922 466 938 autem
476 919 504 938 die
513 926 611 944 parasceue

89 945 151 963 Annas
160 948 179 963 et
186 945 264 969 Caiphae
271 948 290 963 et
297 944 408 963 Nicodemus
415 944 500 963 dixerunt
506 945 528 963 ad
536 945 546 962 J
548 945 611 969 oseph.

89 970 135 988 “Da
144 970 277 988 confessionem
287 970 344 994 (Deo)
354 970 417 991 Israel,
426 973 444 988 et
453 970 548 988 manifesta
560 970 611 988 nobis

89 995 156 1017 omnia,
171 1001 213 1019 quae
226 995 348 1019 interrogatus
361 994 423 1013 fueris.
448 995 496 1015 Quia
511 995 611 1013 contristati

87 1026 151 1038 sumus
159 1026 188 1042 eo,
197 1020 246 1044 quod
259 1020 338 1045 sepelisti
350 1026 418 1044 carpus
430 1020 498 1038 domini
510 1020 567 1038 Jesu:
585 1020 630 1038 iii-u

353 1046 373 1061 26
