823 1277
236 130 258 142 υ,
271 126 377 142 Ennemuu
388 126 473 143 Nrcumun
484 126 550 143 Lnnffl.
624 125 653 141 197

105 169 187 188 Mundus
201 174 241 187 sum
250 175 262 187 11
271 169 359 193 sanguine
370 169 415 193 justi
428 169 489 194 hujus,
500 175 533 188 vos
542 168 628 189 videritis,

103 197 122 213 et
130 194 261 223 respondentes
270 194 345 216 dixistis,
352 194 430 219 Sanguis
438 194 493 219 hujus
502 200 557 219 super
566 199 600 212 nos
609 196 628 212 et

104 226 159 248 super
170 219 218 238 filios
231 222 309 238 nostros
335 220 360 238 Et
372 226 422 238 nunc
434 220 496 241 timeo,
513 226 537 238 ne
553 219 628 244 quando

104 245 165 263 veniat
178 245 205 263 ira
220 245 253 263 Dei
268 250 323 269 super
339 251 372 263 vos
385 248 404 263 et
419 251 474 270 super
488 245 516 263 ᾗ]
517 251 537 263 os
552 247 628 266 vestros,

103 270 150 288 sicut
158 270 233 288 dixistis.
234 271 243 277 ”
272 269 373 288 Audientes
382 272 443 288 sutem
453 270 463 288 J
466 270 513 289 udoei
522 270 639 288 exacerbati*

103 297 147 313 sunt
155 295 217 314 animo
225 295 285 317 nimis,
292 297 311 313 et
319 295 478 324 apprehendentes
484 295 495 314 J
497 295 553 319 oneph
563 297 627 313 tenue-

102 323 147 338 runt
156 326 204 342 eum,
213 323 232 338 et
244 320 358 338 incluserunt
367 326 409 338 eum
418 320 437 338 in
449 320 540 342 cubiculo,
549 320 580 338 ubi
588 326 626 338 non

102 348 142 364 erat
150 345 235 364 fenestra.
261 345 383 369 Signaverunt
396 345 457 369 (vero)
467 345 534 363 ostium
548 345 626 363 cubiculi

102 377 159 395 super
167 370 236 389 clavem
245 370 308 388 Annas
317 372 336 388 et
345 370 377 389 Cai
390 370 430 392 has,
440 370 525 389 custodes
534 370 626 394 (quoque)

104 398 210 420 posuerunt.
235 395 260 414 Et
271 395 367 414 consilium
388 398 464 414 ecerunt
475 401 517 414 cum
529 395 648 414 sacerdoti-¹⁸²

103 421 138 439 bus
146 423 165 439 et
177 420 250 442 Levitis,
259 423 280 439 ut
293 423 448 445 congregarentur
456 427 520 439 omnes
528 423 571 445 post
578 420 627 439 diem

103 446 180 467 sabbati,
197 448 216 464 et
232 452 254 464 co
268 445 359 464 'taverunt
380 446 428 470 quali
446 449 505 464 morte
523 445 627 464 occiderent

104 471 179 495 Joseph.
206 471 247 489 Hoc
264 473 306 489 acto
318 471 422 495 congregati
435 471 525 489 'usserunt
537 471 627 495 principes

104 496 167 514 Annas
183 498 201 514 et
214 496 293 520 Caiphas
305 496 411 520 praesentari
427 477 471 514 jlose
484 496 502 514 11.
528 496 553 514 Et
569 502 627 520 quum

103 521 208 545 congregati
224 524 284 540 essent
299 527 363 539 omnes
376 521 395 539 in
410 521 440 539 die
453 527 473 539 sa
486 521 529 543 bati,
541 521 627 540 tollentes
634 524 646 534 ¹⁸

104 546 218 570 signaculum
233 549 344 571 aperuerunt
357 546 423 564 ostium
436 549 455 564 et
468 552 505 565 non
518 546 627 564 invenerunt

104 571 174 596 Joseph
183 572 200 589 in
213 571 303 593 cubiculo,
316 571 347 589 ubi
360 577 402 589 eum
414 574 514 596 posuerunt
522 574 541 590 et
548 571 627 590 incluse-

103 599 151 614 runt.
177 596 225 615 Haec
238 596 313 614 audiens
322 596 381 615 omnis
390 596 508 621 congregatio
516 596 626 615 admirantes

104 621 243 646 obstupuerunt,
261 621 303 646 quia
319 621 409 646 signatam
431 622 540 640 invenerunt
557 621 626 640 clavem

104 647 188 665 cubiculi.
204 657 208 661 ·
214 647 277 665 Annus
286 649 305 665 et
314 646 392 671 Caiphas
403 647 493 665 abierunt.
633 650 646 660 ³⁰

301 692 326 709 CA
329 692 370 709 PUT
380 692 427 709 XIII.

130 723 178 741 Haec
187 723 271 741 omnibus
278 723 408 741 admirantibus
417 729 460 741 ecce
467 723 540 747 quidam
550 723 572 742 de
581 724 627 742 mili·

105 748 159 770 tibus,
168 748 199 772 qui
211 748 314 772 sepulcrum
327 748 461 770 custodiebant,
469 748 538 766 intrans
547 748 565 767 in
574 755 628 773 syna,-

104 780 170 798 gogam
177 773 229 795 dixit,
237 776 249 783 “
254 773 302 793 Quia
309 773 361 791 nobis
368 773 511 792 custodientibus
519 779 628 792 monumen-

104 802 145 817 tum
153 799 164 817 J
166 804 198 817 esu
206 798 256 817 facia
263 801 292 817 est
299 801 352 817 terrae
360 798 424 820 motio,
431 801 450 817 et
456 798 533 817 vidimus
541 799 627 823 angelum

105 824 146 845 Dei,
163 823 256 848 quomodo
277 823 354 842 revolvit
374 824 489 842 monumenti
510 823 589 848 lapidem
608 827 627 843 et
633 831 645 841 ιι

105 849 180 867 sedebat
193 855 247 873 super
260 855 308 867 eum.
334 849 358 867 Et
369 848 467 873 adspectus
480 848 519 873 ejus
532 851 571 868 erat
580 849 627 868 sicut

104 874 173 899 fulgur,
187 877 207 892 et
221 874 349 892 vestimentum
366 874 405 898 ejus
420 874 467 892 sicut
484 874 521 892 nix.
547 875 572 893 Et
588 881 626 899 prae

105 900 170 918 timore
179 899 241 918 effecti
254 905 317 917 sumus
329 899 379 917 velut
390 899 463 917 mortui.
489 899 514 917 Et
526 899 627 918 audivimus

105 924 190 949 angelum
200 924 290 942 dicentem
301 924 407 942 mulieribus
419 924 442 942 ad
453 924 557 948 sepulcrum
569 925 626 943 Jesu:

106 949 167 968 Nolite
184 950 260 968 timere!
279 949 321 967 Scio
336 949 386 973 quod
397 949 461 967 Jesum
475 949 555 973 quaeritis
570 950 626 968 cruci-
632 957 646 967 aa

105 975 163 993 fixum
171 981 176 996 ;
190 974 219 993 hie
225 974 308 996 surrexit,
314 974 361 992 sicut
368 974 458 999 praedixit,
471 974 535 993 Venite
542 977 561 993 et
567 975 627 993 videte

104 1000 173 1021 locum,
181 1000 212 1018 ubi
220 1000 291 1024 positus
300 1002 339 1018 erat
349 1005 353 1018 ε
367 1001 386 1018 et
394 999 431 1018 cito
440 1002 504 1018 euntes
512 999 567 1018 dicite
576 1000 628 1019 disci-

105 1025 153 1050 pulis
162 1025 206 1049 ejus,
215 1025 257 1049 quia
266 1025 344 1043 surrexit
352 1031 364 1043 a
376 1025 458 1046 mortuis,
467 1027 486 1043 et
494 1025 586 1049 praecedet
595 1032 628 1044 vos
