823 1277
191 128 224 144 414-
294 127 348 144 Gonu
360 128 466 144 Arocnfflus
477 127 520 143 Novi
532 127 637 143 Tmsnzun.

217 170 255 188 sive
270 170 375 191 visibilibus,
390 170 427 188 sive
444 170 562 188 invisibilibus
575 170 669 188 creaturis.
697 169 747 188 Haec

216 197 278 213 autem
292 195 342 219 virgo
355 201 413 219 quum
426 197 545 213 execraretur
558 201 632 213 omnem
646 195 713 216 virum,
725 197 745 212 et

216 219 256 244 ipsa
263 219 358 238 servandae
370 219 476 244 virginitatis
488 222 552 238 votum
565 220 624 244 prima
636 220 676 238 Deo
686 219 746 238 omni-

215 245 287 269 potenti
298 245 353 262 vovit.
380 245 459 263 Primam
471 247 532 262 autem
544 244 586 263 ideo
599 244 652 266 dixit,
664 244 709 268 quia
720 250 744 262 ex

205 271 256 293 'quo
271 269 328 287 homo
341 268 402 287 factus
418 271 445 287 est
460 269 483 287 ab
497 269 548 287 initio
563 269 626 291 seculi,
643 269 693 287 nulla
708 269 746 287 hoc

216 296 281 312 votum
287 294 327 312 Deo
334 294 406 312 obtulit.
433 294 480 312 Haec
487 300 532 318 ergo
539 294 596 318 prima
603 294 651 312 inter
657 293 744 312 foeminas

215 318 251 337 hoc
265 318 360 337 constituit
372 319 391 337 iu
404 318 460 337 corde
473 324 513 340 suo,
527 322 548 337 ut
560 318 640 337 diceret:
658 319 745 340 Domine,

217 343 277 362 offero
289 343 321 361 tibi
333 343 455 368 virginitatem
466 349 539 365 meam;
557 349 615 367 quum
628 343 664 362 hoc
673 349 685 361 a
692 343 746 362 nullo

217 368 292 386 homine
312 374 346 386 nec
368 368 425 386 verbo
444 368 542 390 didicisset,
559 374 594 386 nec
612 368 705 392 exemplo,
722 368 747 386 ad

199 395 211 403 “·
218 393 340 411 imitationem
349 393 434 411 videlicet
440 393 522 415 invitata,
528 393 659 414 constituisset,
666 395 687 411 ut
694 393 747 417 virgo

216 423 251 446 pro
258 423 320 436 amore
329 418 363 436 Dei
369 417 472 442 specialiter
478 420 600 442 permaneret.
627 418 677 436 Huic
683 417 746 436 subito

216 448 235 460 ιιι
244 448 278 460 suo
287 442 372 460 cubiculo
381 442 455 464 clausae,
464 442 563 467 splendens
571 443 619 461 sicut
626 442 661 464 sol,
669 442 746 461 Gabriel

217 467 293 491 angelus
310 467 398 492 apparuit<
425 467 473 488 Quae
490 473 548 491 quum
565 469 635 485 terrore
653 467 746 491 perculsa,

217 491 253 510 hoc
269 492 309 510 visu
324 492 434 516 expavisset,
449 492 474 510 ait
489 492 512 510 ad
526 491 577 510 illam
592 491 680 516 angelus:
701 491 746 510 Noli

200 519 211 527 ¹¹
219 516 283 535 timere
304 517 369 538 Maria,
389 517 432 541 quia
453 517 550 541 concipies.
580 517 606 535 At
626 517 658 535 illa
678 516 746 535 timore

217 541 307 565 deposito,
319 544 426 560 constanter
437 542 468 564 nit,
480 541 580 562 Quomodo
591 541 624 560 fiet
637 541 685 560 hoc!
700 541 746 565 quin

219 566 278 584 virum
299 572 337 585 non
359 572 457 590 cognosco.
483 566 517 585 Cui
541 566 618 591 angelus
638 566 746 591 respondit:

218 591 295 615 Propter
306 591 342 609 hoc
354 591 431 616 Spiritus
443 591 521 610 Sanctus
532 591 649 616 superveniet
660 591 678 609 in
690 593 716 613 te,
726 594 746 609 et

218 615 275 634 virtus
286 616 368 634 altissimi
377 616 493 634 obumbrabit
503 616 541 634 tibi.
567 616 650 641 Ideoque
659 616 710 640 quod
719 622 745 634 ex

198 642 237 659 ”te
253 643 339 659 nascetur
355 641 451 663 Sanctum,
465 641 514 660 filius
531 641 565 659 Dei
580 641 680 659 vocabitur.
707 641 746 660 Hic

219 671 264 690 ergo
281 672 338 690 quum
354 669 408 684 natus
425 669 479 688 esset,
493 672 558 690 passus
573 668 601 684 est
616 672 635 684 se
650 666 717 684 tentari
734 672 746 684 a

218 690 298 712 diabolo,
303 690 341 712 illo,
347 691 378 715 qui
383 691 463 715 primum
470 691 562 709 hominem
569 691 637 709 vicerat
643 690 746 713 suadendo,

218 717 239 733 ut
248 715 271 733 de
280 716 345 734 arbore
356 716 413 734 vetita
421 722 432 733 a
441 716 487 737 Deo,
496 715 607 734 manducare
619 718 746 740 praesumeret

220 740 228 758 1
243 746 283 758 sum
300 746 311 758 e
333 746 344 758 o
362 740 444 769 permisit
461 740 484 758 ad
501 746 521 759 se
538 740 637 759 accedere:
658 743 680 758 ut
696 740 745 759 sicut

200 767 212 775 '¹
220 746 292 783 dixerat
303 766 317 783 A
332 771 354 786 ae.
364 765 383 784 1d
394 767 428 786 est,
439 765 498 789 primo
510 765 585 787 homini,
597 771 631 789 per
642 765 747 787 mulierem,

218 789 315 811 manduca,
322 792 341 808 et
348 789 475 808 manducavit:
489 796 526 814 qua
535 790 557 808 de
566 796 622 808 causa
630 790 653 808 de
660 790 747 814 paradiso

218 814 312 838 projectus
324 814 366 836 fuit,
378 817 397 833 et
410 814 427 832 in
441 815 491 833 hunc
505 814 594 833 mundum
610 815 700 836 exiliatus,
713 815 747 833 ubi

218 841 238 857 et
245 839 309 863 genuit
318 842 372 857 onine
381 845 440 863 genus
450 839 557 858 humanum.
583 839 613 858 Ita
621 842 641 858 et
648 839 678 858 isti
687 839 747 858 dixit:

219 864 253 882 Dic
264 864 361 888 lapidibus,
372 867 393 882 ut
404 870 462 888 panes
473 864 526 886 fiant,
534 867 553 882 et
564 864 663 886 manduca,
675 867 695 882 ut
706 870 747 883 non

199 891 212 899 ¹⁸
219 889 293 907 esun‘as.
319 889 353 907 Cui
361 889 467 913 respondit:
482 889 525 907 Non
534 889 552 907 in
561 895 609 913 pane
619 891 690 907 tantum
700 889 748 908 vivit

219 913 281 935 homo,
289 913 322 932 sed
330 914 348 932 in
358 914 408 932 omni
418 914 475 932 verbo
487 914 526 932 Dei.
554 914 589 932 Hic
602 920 646 938 ergo
656 914 750 936 diabolus,

216 938 260 962 quia
268 944 301 963 per
308 938 450 957 manducantem
459 938 552 957 hominem
564 939 639 961 vicerat,
648 939 746 957 victoriam

217 969 268 981 suam
274 969 307 988 per
313 963 428 988 jejunantem
434 966 452 982 et
458 970 478 982 se
485 963 611 982 continentem
618 963 683 982 amisit
711 964 750 982 Par

217 988 265 1006 enim
280 988 322 1010 fuit,
337 991 358 1006 ut
374 988 405 1012 qui
423 988 481 1007 filium
499 988 573 1013 virginis
591 988 665 1010 vicerat,
679 994 690 1006 a
706 988 749 1008 filio

198 1015 210 1022 '¹
219 1013 292 1037 virginis
301 1013 420 1031 vinceretur.’'
