823 1277
32 590 94 607 ›amp-⁴
106 586 171 605 ψψω

179 122 210 137 328
276 120 330 137 Coun
343 121 448 136 Amanium
459 120 503 136 Novi
514 120 620 136 TmAmwn-r,

203 163 312 181 moramur?
331 162 400 180 Omnes
416 162 450 180 scri
464 165 514 180 turas
531 162 608 180 Sanctas
625 162 732 180 memoriter

202 188 275 208 retinet,
285 193 308 205 ex
318 187 383 211 quibus
392 189 444 205 osten
459 187 478 208 it,
487 193 524 204 non
534 193 574 205 esse
583 187 662 205 alterurn
670 186 730 205 filium

204 212 244 233 Dei,
253 212 287 230 nisi
298 212 350 230 illurn
362 217 418 235 quem
430 211 491 230 Judaei
504 211 641 229 crucifixerunt.
667 212 730 232 Quare

203 237 218 255 si
226 236 302 255 consilio
323 242 364 254 meo
384 236 507 260 obtemperas,
524 242 588 254 eamus
604 236 628 254 ad
645 242 694 258 eum,
711 239 731 254 et

190 261 335 285 ‘indulgentiam
352 261 476 285 impetremus.
502 261 558 280 Quod
573 261 588 279 si
603 267 640 279 non
657 260 730 282 feceris,

203 292 238 310 ego
251 285 316 304 saltem
329 285 394 303 relicto
407 288 431 307 te,
443 285 466 303 ad
479 285 539 309 ipsum
552 291 582 303 me
595 285 697 306 conferam,
710 288 731 303 ut

203 310 303 335 discipulus
323 310 362 334 ejus
379 316 419 328 esse
439 311 525 328 merear-*¹
559 310 607 330 Quae
625 313 645 328 ut
662 310 732 328 audivit

204 336 338 359 Hermogenes,
361 335 388 353 ira
411 341 516 356 succensus,
538 335 630 353 Philetum
654 335 732 353 vinculis

204 360 279 384 magicis
290 360 405 381 constrinxit,
417 363 437 377 et
448 360 479 380 ait,
490 362 502 370 “
509 359 615 378 Videbimus
626 360 640 377 si
649 359 731 378 ,Iacobus

185 388 197 396 ¹⁰
205 387 248 403 tuus
261 384 320 403 solvat
333 385 367 402 te.’'
392 384 474 402 Philetus
487 387 549 402 autem
563 385 612 402 misit
622 384 732 402 festinanter

204 415 282 434 puerum
296 415 349 427 suurn
365 409 389 427 ad
402 409 500 430 Jacobum,
514 411 535 427 ut
548 409 565 427 ei
578 409 674 427 nunciaret
688 415 731 432 quae

203 436 256 458 gesta
272 436 338 452 essent.
364 433 389 451 Et
406 433 467 451 statim
485 433 533 451 misit
553 433 618 452 beatus
636 434 732 457 apostolus

204 458 299 477 sudarium
312 464 366 476 suum
380 457 458 479 Phileto.
472 458 540 480 dicens,
553 458 661 476 “Dominus
676 458 732 476 Jesus

204 483 287 501 Christus
302 483 355 506 erigit
368 482 435 504 alliso&
449 485 468 501 et
480 483 519 507 ipse
532 483 587 501 solvit
601 483 731 507 compeditos.”

185 510 197 518 ¹·
205 508 271 526 Statim
280 510 342 526 autem
350 510 371 525 ut
380 507 402 525 de
414 507 486 525 sudario
495 507 535 531 ejus
547 508 607 531 tetigit
615 513 657 526 eum
669 508 691 528 is,
700 508 732 531 qui

204 532 270 550 missus
279 535 324 553 erat,
333 532 424 550 resolutus
433 538 444 550 u
452 532 526 550 vinculo
536 533 591 556 mag-i,
598 538 673 550 currens
681 532 733 550 venit

203 556 227 575 ad
235 557 246 574 J
248 556 332 578 acobum,
341 559 360 575 et
367 557 423 581 eoepit
431 557 519 575 insultare
529 556 623 575 maleficiis
632 557 718 581 magistri.

229 581 266 599 111.
281 581 409 605 Hermogenes
427 587 471 599 vero
487 587 552 605 magus
570 581 634 600 dolens
649 581 699 605 quod
715 582 732 600 ei

202 605 304 627 insultaret,
321 609 360 624 arte
377 612 410 624 sua
427 606 515 624 excitavit
530 606 631 627 daemones,
647 609 666 624 et
683 606 732 624 misit

186 633 237 649 ”eos
250 630 274 649 ad
287 630 377 649 Jacobum
391 630 460 652 dicens,
471 633 483 641 “
489 630 524 652 Ite,
536 633 555 649 et
568 631 627 655 ipsum
640 630 732 649 Jacobum

204 655 255 677 mihi,
272 658 292 673 et
311 655 365 673 simul
384 655 477 674 Philetum
494 655 603 680 discipulum
621 661 682 674 meum
699 655 731 674 nd-

202 680 270 702 ducite,
287 683 309 698 ut
328 680 410 698 vindicer
429 680 447 698 in
468 680 502 702 his,
521 686 544 698 ne
565 680 609 698 mihi
629 682 648 698 et
668 680 730 699 eaeteri

202 705 287 729 discipuli
310 705 346 722 mei
370 705 396 723 ita
420 704 514 723 illudant?
552 705 652 723 Venientes
676 705 732 729 igitur

203 729 304 751 daemones,
319 729 349 747 ubi
364 729 445 748 Jacobus
462 729 532 751 orabat,
545 729 636 747 ululatum
653 729 671 747 in
689 735 732 748 aere

184 756 197 764 '⁶
205 754 272 772 habere
283 757 386 778 coeperunt,
394 754 482 775 dicentes,
494 756 506 765 “
512 754 582 772 Jacobe
595 754 678 778 apostole
690 754 731 776 Dei,

203 778 290 796 miserere
307 778 376 797 nostri:
397 779 441 802 quia
457 781 557 802 antequam
576 779 638 797 veniat
657 781 732 803 tempus

203 803 288 825 incendii,
303 809 337 821 nos
353 803 408 821 etiam
422 803 531 821 exurimur?
557 803 628 823 Quibus
642 803 730 825 Jacobus,

203 830 214 837 ‘¹
221 827 292 851 thuid
309 828 383 846 venistis
398 828 421 846 ad
437 829 495 846 τηεμ
517 828 586 846 Dicunt
599 828 615 846 ei
629 828 730 849 daemones,

203 852 272 871 “Misit
288 858 321 871 nos
338 852 473 876 Hermogenes,
490 854 511 871 ut
526 855 544 870 te
561 855 580 871 et
598 852 689 871 Philetum
706 852 730 871 ad

185 877 264 901 ”ipsum
284 877 432 901 perduceremus.
467 877 514 895 Mox
534 880 595 895 autem
615 880 636 895 ut
655 877 731 901 ingressi

203 908 273 923 sumus,
282 902 358 926 angelus
368 902 401 920 Dei
410 902 489 920 Sanetus
500 902 570 920 catenis
581 902 639 926 igneis
648 902 732 926 religavit

203 932 243 948 nos,
253 929 272 944 et
280 927 346 945 misere
356 926 475 945 cruciamur?
501 926 550 945 Dicit
558 926 584 945 eis
592 926 603 944 J
605 926 680 948 acubus,
689 929 701 937 ‘¹
708 926 731 945 Iu

203 951 277 970 nomine
290 951 348 970 Patris
362 954 380 970 et
393 951 433 969 Filii
446 953 465 969 et
478 951 556 976 Spiritus
569 951 638 973 Sancti,
647 951 731 970 exsolvat

203 982 236 994 vos
247 976 314 994 iterum
326 976 401 1000 angelus
414 976 448 994 Dei
456 976 482 994 ita
493 979 515 994 ut
526 979 639 994 revertentes
651 976 675 994 ad
684 976 733 994 Her-

184 1003 197 1011 '·
204 1007 307 1025 mogenem,
316 1007 354 1019 non
363 1007 406 1019 eum
415 1001 493 1022 laedatis,
500 1000 532 1019 sed
541 1001 625 1019 vinctum
634 1001 670 1019 huc
679 1001 731 1019 illum
