823 1277
183 106 214 122 2⁰4
285 106 340 123 Ooozr
353 107 459 123 Arncnruus
470 107 514 123 Nou
524 107 630 123 Turnus-n.

404 149 473 165 CAPUT
482 149 535 166 XVII.

235 175 259 193 Et
272 181 348 200 surgens
360 175 428 200 Joseph
441 175 487 194 dixit
495 175 519 194 ad
530 176 602 194 Annam
611 178 631 194 et
639 175 735 200 Caipham,

209 203 220 210 “
227 200 274 219 Vere
282 204 301 219 et
310 201 357 219 bene
368 200 487 222 admiramini,
496 201 582 225 quoniam
592 201 674 223 audistis,
683 201 734 225 quod

209 225 258 244 visus
266 229 294 244 est
302 226 313 244 J
315 232 356 244 esus
364 226 387 244 de
396 229 455 244 morte
464 226 516 244 vivus
524 226 627 244 ascendisse
634 226 651 245 in
659 226 733 245 eoelum.

208 250 255 269 Vere
264 251 305 275 plus
316 251 443 269 admirandum
455 254 489 273 est,
498 251 540 275 quia
552 257 588 269 non
601 251 661 270 solum
672 257 733 270 resur-

197 280 203 290 ⁸
209 276 256 294 rexit
265 282 276 294 a
284 276 367 298 mortuis,
374 276 404 294 sed
414 276 482 295 multos
491 276 535 294 alios
544 279 627 294 mortuos
635 276 658 295 de
667 282 733 295 monu-

209 301 276 319 mentis
289 301 402 320 resuscitavit
415 302 472 323 vivos,
483 304 502 319 et
514 307 525 319 a
538 301 600 320 multis
612 302 645 319 visi
658 304 701 320 sunt
713 302 732 320 in

210 326 317 345 Jerusalem.
343 326 368 344 Et
376 326 437 345 audite
443 332 473 345 me
482 332 537 348 nunc,
544 327 587 351 quia
593 332 656 345 omnes
665 327 732 345 scimus

209 350 284 370 beatum
297 352 407 373 Simeonem,
420 351 533 370 sacerdotem
546 357 639 376 magnum,
664 352 682 370 ui
694 358 733 370 sus-

210 376 259 400 cepit
267 377 350 395 manibus
361 377 397 395 suis
408 376 471 395 Jesum
483 376 571 395 infantem
580 377 599 395 in
608 380 658 401 temp
665 383 682 395 o.
708 377 732 395 Et

191 406 203 415 ¹⁰
210 401 248 425 ipre
257 401 330 420 Simeon
339 401 403 420 habuit
412 402 458 420 duos
466 401 521 423 filios,
530 408 626 426 germanos
634 401 705 423 fratres,
713 405 732 420 et

210 432 244 445 nos
259 432 324 445 omnes
338 427 356 445 in
372 426 481 445 dormitione
498 433 561 445 eorum
575 430 594 445 et
607 427 626 445 in
640 427 733 452 sepultura

206 450 281 470 fuimus.
315 452 413 470 Ambulate
433 458 477 476 ergo
493 455 512 470 et
532 452 592 470 videte
612 455 732 471 monumenta

207 482 271 495 eorum
280 483 285 495 τ
299 479 362 501 aperta
370 477 419 495 enim
426 480 474 499 sunt,
480 478 522 501 quia
530 480 654 499 surrexerunt,
662 480 681 496 et
688 483 731 496 ecce

207 504 250 520 sunt
258 502 277 520 in
284 502 356 520 civitate
363 502 470 523 Arimathia,
474 502 528 521 simul
534 502 614 521 viventes
621 503 638 521 in
647 502 731 521 orationi-

189 532 200 542 ¹¹
207 526 247 545 bus.
272 527 352 548 Quidam
358 530 420 545 autem
427 527 495 546 audivit
501 533 533 546 eos
538 527 637 546 clamantes
642 528 665 546 ad
671 528 730 546 Deum

208 557 250 570 cnm
263 552 337 571 nemine
345 555 406 570 autem
420 552 523 577 loquentes,
534 553 567 571 sed
580 556 623 571 sunt
633 556 654 571 ut
665 553 732 571 mortui

208 577 288 596 silentes.
314 577 349 596 Sed
355 577 421 599 venite,
427 577 541 596 ambulemus
548 577 571 596 ad
576 578 625 599 istos,
632 584 674 596 cum
682 578 731 596 omni

207 602 279 621 honore
284 605 303 621 et
310 602 434 621 moderatione
439 602 561 627 perducamus
566 609 597 621 eos
602 603 625 621 ad
630 609 670 621 nos.
685 603 710 621 Et
716 603 730 620 si

206 627 349 652 adjuraverimus
356 634 393 649 eos,
399 627 475 646 forsitan
481 628 580 652 loquentur
586 628 638 647 nobis
644 627 667 646 de
672 633 731 646 resur<

189 653 293 672 ”rectionis
302 659 365 672 eorum
374 653 476 677 mysterio.’'
502 653 549 672 Haec
561 653 655 672 audientes
667 659 730 671 omnes

208 678 263 702 gavisi
270 681 313 697 sunt
320 684 325 699 ς
339 681 357 696 et
364 681 428 696 euntes
435 679 497 697 Annas
504 681 523 697 et
530 678 614 703 Caiphas,
620 678 732 697 Nicodemus

208 706 227 721 et
232 703 301 728 Joseph
307 706 325 721 et
331 703 420 721 Gamaliel
426 709 462 722 non
470 704 579 722 invenerunt
585 710 616 722 eos
623 704 641 722 in
647 710 666 722 se
680 703 732 722 ulcro

208 734 278 750 eorum,
287 727 318 747 sed
332 728 446 747 ambulantes
458 728 476 746 in
489 729 580 747 civitatem
593 729 664 747 Arii-nat
678 729 695 747 is
707 728 732 746 ibi

208 759 240 771 eos
252 753 362 772 invenerunt
374 753 428 772 flexis
439 753 521 777 genibus.
547 754 572 772 Et
583 753 687 772 osculantes
699 759 731 771 eos

189 781 250 797 ¹¹curn
263 778 313 797 omni
325 778 441 797 veneratione
453 781 472 797 et
482 779 547 797 timore
559 778 593 797 Dei
605 778 732 803 perduxerunt

209 809 241 822 eos
256 803 357 822 Jerusalem
372 803 391 822 in
407 809 524 828 synagogam,
550 804 575 822 Et
590 803 656 822 clausis
670 803 732 828 januis

208 828 294 847 tollentes
314 829 373 853 legem
394 829 468 847 Domini
488 831 589 854 posuerunt
608 829 626 847 in
648 828 732 847 manibus

208 860 278 876 eorum,
287 854 404 878 conjurantes
413 860 444 872 eos
453 860 486 878 per
495 854 555 873 Deum
564 854 635 873 Adonai
643 856 662 872 et
671 854 730 872 Deum

208 879 270 901 Israel,
286 880 317 904 qui
331 885 364 904 per
379 879 438 903 legem
453 881 471 897 et
486 879 585 904 prophetas
600 879 686 903 loquutus
702 881 730 897 est

187 907 200 917 ¹¹³
206 904 288 929 patribus
301 904 373 926 nostris,
382 904 469 926 dicenteS‚
481 905 517 923 “Si
529 905 588 929 ipsum
600 910 639 923 esse
651 903 729 925 creditis,

207 930 237 954 qui
244 935 277 948 vos
285 936 296 948 a
302 930 378 948 mortuis
385 929 504 950 resuscitavit,
511 930 564 948 dicite
572 929 629 951 nobis,
636 929 730 953 quomodo

207 955 330 973 resurrexistis
354 961 365 973 a
391 954 483 973 mortuis.”
517 955 572 973 Hanc
598 954 729 979 adjurationem

207 980 302 999 audientes
315 980 392 999 carinum
404 982 422 998 et
436 979 514 999 Leucius
527 982 678 998 contremuerunt
691 985 731 997 cor-

207 1010 258 1029 pore,
273 1008 292 1024 et
307 1005 411 1024 conturbati
428 1004 483 1024 corde
498 1008 613 1030 gemuerunt.
639 1005 664 1023 Et
678 1004 731 1023 simul
