<?xml version="1.0" encoding="UTF-8"?>
<!DOCTYPE html PUBLIC "-//W3C//DTD XHTML 1.0 Transitional//EN"
    "http://www.w3.org/TR/xhtml1/DTD/xhtml1-transitional.dtd">
<html xmlns="http://www.w3.org/1999/xhtml" xml:lang="en" lang="en">
 <head>
  <title>
</title>
<meta http-equiv="Content-Type" content="text/html;charset=utf-8" />
  <meta name='ocr-system' content='tesseract 3.04.00' />
  <meta name='ocr-capabilities' content='ocr_page ocr_carea ocr_par ocr_line ocrx_word'/>
</head>
<body>
  <div class='ocr_page' id='page_1' title='image "./codexapocryphus00gilegoog_0469.png"; bbox 0 0 823 1277; ppageno 0'>
   <div class='ocr_carea' id='block_1_1' title="bbox 191 131 627 148">
    <p class='ocr_par' dir='ltr' id='par_1_1' title="bbox 191 131 627 148">
     <span class='ocr_line' id='line_1_1' title="bbox 191 131 627 148; baseline 0 0"><span class='ocrx_word' id='word_1_1' title='bbox 191 133 222 148; x_wconf 71' lang='lat'>442</span> <span class='ocrx_word' id='word_1_2' title='bbox 285 131 339 148; x_wconf 72' lang='lat' dir='ltr'>Coun</span> <span class='ocrx_word' id='word_1_3' title='bbox 351 132 456 148; x_wconf 67' lang='lat' dir='ltr'>Arocxvmus</span> <span class='ocrx_word' id='word_1_4' title='bbox 468 132 511 148; x_wconf 80' lang='lat' dir='ltr'>Novi</span> <span class='ocrx_word' id='word_1_5' title='bbox 522 131 627 148; x_wconf 68' lang='lat' dir='ltr'>&#39;frarann-n.</span> 
     </span>
    </p>
   </div>
   <div class='ocr_carea' id='block_1_2' title="bbox 200 175 778 1054">
    <p class='ocr_par' dir='ltr' id='par_1_2' title="bbox 200 175 778 1052">
     <span class='ocr_line' id='line_1_2' title="bbox 216 175 737 200; baseline 0 -6"><span class='ocrx_word' id='word_1_6' title='bbox 216 178 270 194; x_wconf 78' lang='lat' dir='ltr'>vocat</span> <span class='ocrx_word' id='word_1_7' title='bbox 277 181 313 197; x_wconf 86' lang='lat' dir='ltr'>me,</span> <span class='ocrx_word' id='word_1_8' title='bbox 322 178 343 194; x_wconf 92' lang='lat' dir='ltr'>ut</span> <span class='ocrx_word' id='word_1_9' title='bbox 355 175 415 194; x_wconf 84' lang='lat' dir='ltr'>dicam</span> <span class='ocrx_word' id='word_1_10' title='bbox 428 175 468 199; x_wconf 84' lang='lat' dir='ltr'>quis</span> <span class='ocrx_word' id='word_1_11' title='bbox 481 175 516 194; x_wconf 78' lang='lat' dir='ltr'>sit</span> <span class='ocrx_word' id='word_1_12' title='bbox 511 182 516 186; x_wconf 88' lang='lat'>·</span> <span class='ocrx_word' id='word_1_13' title='bbox 531 175 563 194; x_wconf 81' lang='lat' dir='ltr'>sed</span> <span class='ocrx_word' id='word_1_14' title='bbox 576 175 684 199; x_wconf 73' lang='lat' dir='ltr'>magnitudo</span> <span class='ocrx_word' id='word_1_15' title='bbox 696 176 737 200; x_wconf 88' lang='lat' dir='ltr'>ejus</span> 
     </span>
     <span class='ocr_line' id='line_1_3' title="bbox 216 200 736 225; baseline -0.002 -6"><span class='ocrx_word' id='word_1_16' title='bbox 216 206 279 219; x_wconf 84' lang='lat' dir='ltr'>sensus</span> <span class='ocrx_word' id='word_1_17' title='bbox 288 203 367 225; x_wconf 78' lang='lat' dir='ltr'>superat,</span> <span class='ocrx_word' id='word_1_18' title='bbox 381 203 400 219; x_wconf 87' lang='lat' dir='ltr'>et</span> <span class='ocrx_word' id='word_1_19' title='bbox 412 200 525 219; x_wconf 80' lang='lat' dir='ltr'>intellectum</span> <span class='ocrx_word' id='word_1_20' title='bbox 536 206 557 219; x_wconf 92' lang='lat' dir='ltr'>su</span> <span class='ocrx_word' id='word_1_21' title='bbox 570 200 678 224; x_wconf 77' lang='lat' dir='ltr'>ergreditur,</span> <span class='ocrx_word' id='word_1_22' title='bbox 688 204 708 219; x_wconf 81' lang='lat' dir='ltr'>ut</span> <span class='ocrx_word' id='word_1_23' title='bbox 717 201 736 219; x_wconf 85' lang='lat' dir='ltr'>id</span> 
     </span>
     <span class='ocr_line' id='line_1_4' title="bbox 217 206 739 254; baseline 0 -11"><span class='ocrx_word' id='word_1_24' title='bbox 217 226 266 250; x_wconf 86' lang='lat' dir='ltr'>quod</span> <span class='ocrx_word' id='word_1_25' title='bbox 280 226 334 250; x_wconf 81' lang='lat' dir='ltr'>cupio</span> <span class='ocrx_word' id='word_1_26' title='bbox 344 225 366 244; x_wconf 90' lang='lat' dir='ltr'>de</span> <span class='ocrx_word' id='word_1_27' title='bbox 377 232 399 243; x_wconf 82' lang='lat' dir='ltr'>eo</span> <span class='ocrx_word' id='word_1_28' title='bbox 411 225 476 247; x_wconf 83' lang='lat' dir='ltr'><strong>dicere,</strong></span> <span class='ocrx_word' id='word_1_29' title='bbox 486 206 641 254; x_wconf 56' lang='lat' dir='ltr'>comprezendere</span> <span class='ocrx_word' id='word_1_30' title='bbox 653 228 671 243; x_wconf 89' lang='lat' dir='ltr'>et</span> <span class='ocrx_word' id='word_1_31' title='bbox 680 226 739 250; x_wconf 75' lang='lat' dir='ltr'>expli·</span> 
     </span>
     <span class='ocr_line' id='line_1_5' title="bbox 217 250 737 275; baseline 0 -6"><span class='ocrx_word' id='word_1_32' title='bbox 217 257 259 269; x_wconf 74' lang='lat' dir='ltr'>care</span> <span class='ocrx_word' id='word_1_33' title='bbox 265 256 362 275; x_wconf 78' lang='lat' dir='ltr'>nequeam</span> <span class='ocrx_word' id='word_1_34' title='bbox 382 250 418 269; x_wconf 87' lang='lat' dir='ltr'>Sed</span> <span class='ocrx_word' id='word_1_35' title='bbox 425 253 445 268; x_wconf 81' lang='lat' dir='ltr'>tu</span> <span class='ocrx_word' id='word_1_36' title='bbox 452 251 536 272; x_wconf 83' lang='lat' dir='ltr'>Domine,</span> <span class='ocrx_word' id='word_1_37' title='bbox 542 251 572 274; x_wconf 90' lang='lat' dir='ltr'>qui</span> <span class='ocrx_word' id='word_1_38' title='bbox 578 250 657 268; x_wconf 79' lang='lat' dir='ltr'>animam</span> <span class='ocrx_word' id='word_1_39' title='bbox 662 251 737 275; x_wconf 81' lang='lat' dir='ltr'>inopem</span> 
     </span>
     <span class='ocr_line' id='line_1_6' title="bbox 205 275 739 300; baseline 0 -6"><span class='ocrx_word' id='word_1_40' title='bbox 205 278 211 287; x_wconf 75' lang='lat'><em>⁶</em></span> <span class='ocrx_word' id='word_1_41' title='bbox 218 276 288 300; x_wconf 84' lang='lat' dir='ltr'>replere</span> <span class='ocrx_word' id='word_1_42' title='bbox 301 276 416 297; x_wconf 80' lang='lat' dir='ltr'>consuevisti,</span> <span class='ocrx_word' id='word_1_43' title='bbox 429 275 484 300; x_wconf 87' lang='lat' dir='ltr'>imple</span> <span class='ocrx_word' id='word_1_44' title='bbox 497 282 519 294; x_wconf 81' lang='lat' dir='ltr'>ea</span> <span class='ocrx_word' id='word_1_45' title='bbox 530 281 572 299; x_wconf 83' lang='lat' dir='ltr'>quae</span> <span class='ocrx_word' id='word_1_46' title='bbox 586 275 629 294; x_wconf 81' lang='lat' dir='ltr'>mihi</span> <span class='ocrx_word' id='word_1_47' title='bbox 638 275 709 297; x_wconf 76' lang='lat' dir='ltr'>desunt,</span> <span class='ocrx_word' id='word_1_48' title='bbox 718 279 739 294; x_wconf 83' lang='lat' dir='ltr'>et</span> 
     </span>
     <span class='ocr_line' id='line_1_7' title="bbox 217 301 738 325; baseline 0 -6"><span class='ocrx_word' id='word_1_49' title='bbox 217 304 257 319; x_wconf 84' lang='lat' dir='ltr'>esto</span> <span class='ocrx_word' id='word_1_50' title='bbox 266 307 338 319; x_wconf 91' lang='lat' dir='ltr'>mecum</span> <span class='ocrx_word' id='word_1_51' title='bbox 347 301 405 319; x_wconf 87' lang='lat' dir='ltr'>donec</span> <span class='ocrx_word' id='word_1_52' title='bbox 414 301 451 325; x_wconf 88' lang='lat' dir='ltr'>ipse</span> <span class='ocrx_word' id='word_1_53' title='bbox 458 301 482 319; x_wconf 77' lang='lat' dir='ltr'>ad</span> <span class='ocrx_word' id='word_1_54' title='bbox 487 303 505 319; x_wconf 88' lang='lat' dir='ltr'>te</span> <span class='ocrx_word' id='word_1_55' title='bbox 513 301 589 322; x_wconf 76' lang='lat' dir='ltr'>veniam,</span> <span class='ocrx_word' id='word_1_56' title='bbox 598 303 617 319; x_wconf 86' lang='lat' dir='ltr'>et</span> <span class='ocrx_word' id='word_1_57' title='bbox 625 303 644 319; x_wconf 90' lang='lat' dir='ltr'>te</span> <span class='ocrx_word' id='word_1_58' title='bbox 652 301 738 319; x_wconf 53' lang='lat' dir='ltr'>videam?</span> 
     </span>
     <span class='ocr_line' id='line_1_8' title="bbox 218 325 738 349; baseline 0 -5"><span class='ocrx_word' id='word_1_59' title='bbox 218 326 265 345; x_wconf 85' lang='lat' dir='ltr'>Haec</span> <span class='ocrx_word' id='word_1_60' title='bbox 274 326 305 344; x_wconf 88' lang='lat' dir='ltr'>ubi</span> <span class='ocrx_word' id='word_1_61' title='bbox 314 326 382 344; x_wconf 83' lang='lat' dir='ltr'>audivit</span> <span class='ocrx_word' id='word_1_62' title='bbox 394 326 484 347; x_wconf 78' lang='lat' dir='ltr'>Zuzauas,</span> <span class='ocrx_word' id='word_1_63' title='bbox 493 326 589 344; x_wconf 72' lang='lat' dir='ltr'>advertens</span> <span class='ocrx_word' id='word_1_64' title='bbox 597 325 648 349; x_wconf 86' lang='lat' dir='ltr'>quod</span> <span class='ocrx_word' id='word_1_65' title='bbox 656 326 738 344; x_wconf 80' lang='lat' dir='ltr'>Thomas</span> 
     </span>
     <span class='ocr_line' id='line_1_9' title="bbox 218 350 738 375; baseline 0 -6"><span class='ocrx_word' id='word_1_66' title='bbox 218 351 286 369; x_wconf 80' lang='lat' dir='ltr'>diceret</span> <span class='ocrx_word' id='word_1_67' title='bbox 292 353 364 375; x_wconf 87' lang='lat' dir='ltr'>tempus</span> <span class='ocrx_word' id='word_1_68' title='bbox 371 351 466 375; x_wconf 84' lang='lat' dir='ltr'>impletum</span> <span class='ocrx_word' id='word_1_69' title='bbox 472 357 531 372; x_wconf 79' lang='lat' dir='ltr'>suum,</span> <span class='ocrx_word' id='word_1_70' title='bbox 537 354 558 369; x_wconf 87' lang='lat' dir='ltr'>ut</span> <span class='ocrx_word' id='word_1_71' title='bbox 564 351 587 369; x_wconf 88' lang='lat' dir='ltr'>de</span> <span class='ocrx_word' id='word_1_72' title='bbox 592 350 628 369; x_wconf 86' lang='lat' dir='ltr'>hoc</span> <span class='ocrx_word' id='word_1_73' title='bbox 633 357 738 369; x_wconf 79' lang='lat' dir='ltr'>recessurus</span> 
     </span>
     <span class='ocr_line' id='line_1_10' title="bbox 218 376 739 400; baseline 0 -6"><span class='ocrx_word' id='word_1_74' title='bbox 218 376 280 395; x_wconf 84' lang='lat' dir='ltr'>seculo</span> <span class='ocrx_word' id='word_1_75' title='bbox 288 376 385 397; x_wconf 83' lang='lat' dir='ltr'>videretur,</span> <span class='ocrx_word' id='word_1_76' title='bbox 390 376 465 400; x_wconf 86' lang='lat' dir='ltr'>cupiens</span> <span class='ocrx_word' id='word_1_77' title='bbox 472 376 494 394; x_wconf 79' lang='lat' dir='ltr'>ab</span> <span class='ocrx_word' id='word_1_78' title='bbox 503 382 526 394; x_wconf 90' lang='lat' dir='ltr'>eo</span> <span class='ocrx_word' id='word_1_79' title='bbox 532 376 581 400; x_wconf 75' lang='lat' dir='ltr'>prius</span> <span class='ocrx_word' id='word_1_80' title='bbox 588 381 643 400; x_wconf 80' lang='lat' dir='ltr'>quarn</span> <span class='ocrx_word' id='word_1_81' title='bbox 652 376 739 400; x_wconf 80' lang='lat' dir='ltr'>migraret</span> 
     </span>
     <span class='ocr_line' id='line_1_11' title="bbox 200 401 737 425; baseline 0 -6"><span class='ocrx_word' id='word_1_82' title='bbox 200 405 212 412; x_wconf 86' lang='lat'>¹·</span> <span class='ocrx_word' id='word_1_83' title='bbox 219 408 231 419; x_wconf 81' lang='lat' dir='ltr'>a</span> <span class='ocrx_word' id='word_1_84' title='bbox 241 407 317 425; x_wconf 82' lang='lat' dir='ltr'>corpore</span> <span class='ocrx_word' id='word_1_85' title='bbox 331 401 435 419; x_wconf 70' lang='lat' dir='ltr'>Manazarae</span> <span class='ocrx_word' id='word_1_86' title='bbox 446 401 499 419; x_wconf 81' lang='lat' dir='ltr'>uxori</span> <span class='ocrx_word' id='word_1_87' title='bbox 509 407 547 419; x_wconf 78' lang='lat' dir='ltr'>suae</span> <span class='ocrx_word' id='word_1_88' title='bbox 556 401 654 425; x_wconf 84' lang='lat' dir='ltr'>impetrare</span> <span class='ocrx_word' id='word_1_89' title='bbox 663 401 737 419; x_wconf 81' lang='lat' dir='ltr'>medici-</span> 
     </span>
     <span class='ocr_line' id='line_1_12' title="bbox 218 426 735 451; baseline 0 -7"><span class='ocrx_word' id='word_1_90' title='bbox 218 432 260 445; x_wconf 81' lang='lat' dir='ltr'>nam</span> <span class='ocrx_word' id='word_1_91' title='bbox 266 427 314 450; x_wconf 78' lang='lat' dir='ltr'>(erat</span> <span class='ocrx_word' id='word_1_92' title='bbox 319 426 366 444; x_wconf 89' lang='lat' dir='ltr'>enim</span> <span class='ocrx_word' id='word_1_93' title='bbox 372 426 436 444; x_wconf 81' lang='lat' dir='ltr'>debilis</span> <span class='ocrx_word' id='word_1_94' title='bbox 441 426 512 447; x_wconf 84' lang='lat' dir='ltr'>mulier,</span> <span class='ocrx_word' id='word_1_95' title='bbox 517 426 578 444; x_wconf 80' lang='lat' dir='ltr'>soluta</span> <span class='ocrx_word' id='word_1_96' title='bbox 586 426 681 450; x_wconf 75' lang='lat' dir='ltr'>membris)</span> <span class='ocrx_word' id='word_1_97' title='bbox 690 426 735 451; x_wconf 88' lang='lat' dir='ltr'>peti—</span> 
     </span>
     <span class='ocr_line' id='line_1_13' title="bbox 218 450 737 475; baseline 0 -6"><span class='ocrx_word' id='word_1_98' title='bbox 218 452 244 470; x_wconf 83' lang='lat' dir='ltr'>vit</span> <span class='ocrx_word' id='word_1_99' title='bbox 252 454 273 469; x_wconf 88' lang='lat' dir='ltr'>ut</span> <span class='ocrx_word' id='word_1_100' title='bbox 280 451 394 475; x_wconf 78' lang='lat' dir='ltr'>permitteret</span> <span class='ocrx_word' id='word_1_101' title='bbox 402 451 419 469; x_wconf 83' lang='lat' dir='ltr'>ei</span> <span class='ocrx_word' id='word_1_102' title='bbox 427 451 464 469; x_wconf 81' lang='lat' dir='ltr'>ire:</span> <span class='ocrx_word' id='word_1_103' title='bbox 477 453 496 469; x_wconf 88' lang='lat' dir='ltr'>et</span> <span class='ocrx_word' id='word_1_104' title='bbox 507 457 594 475; x_wconf 77' lang='lat' dir='ltr'>persuaso</span> <span class='ocrx_word' id='word_1_105' title='bbox 602 451 685 473; x_wconf 85' lang='lat' dir='ltr'>custode</span> <span class='ocrx_word' id='word_1_106' title='bbox 693 450 737 469; x_wconf 78' lang='lat' dir='ltr'>side-</span> 
     </span>
     <span class='ocr_line' id='line_1_14' title="bbox 218 472 738 504; baseline 0 -10"><span class='ocrx_word' id='word_1_107' title='bbox 218 482 266 501; x_wconf 81' lang='lat' dir='ltr'>que</span> <span class='ocrx_word' id='word_1_108' title='bbox 263 476 312 499; x_wconf 73' lang='lat' dir='ltr'>facta</span> <span class='ocrx_word' id='word_1_109' title='bbox 321 476 373 500; x_wconf 81' lang='lat' dir='ltr'>quod</span> <span class='ocrx_word' id='word_1_110' title='bbox 382 479 443 494; x_wconf 83' lang='lat' dir='ltr'>essent</span> <span class='ocrx_word' id='word_1_111' title='bbox 453 476 549 504; x_wconf 77' lang='lat' dir='ltr'>reversuri,</span> <span class='ocrx_word' id='word_1_112' title='bbox 561 482 603 494; x_wconf 74' lang='lat' dir='ltr'>cum</span> <span class='ocrx_word' id='word_1_113' title='bbox 617 472 722 500; x_wconf 82' lang='lat' dir='ltr'>Apostolo</span> <span class='ocrx_word' id='word_1_114' title='bbox 712 482 738 499; x_wconf 64' lang='lat' dir='ltr'>Q(</span> 
     </span>
     <span class='ocr_line' id='line_1_15' title="bbox 219 498 739 525; baseline -0.002 -5"><span class='ocrx_word' id='word_1_115' title='bbox 219 507 291 525; x_wconf 77' lang='lat' dir='ltr'>carcere</span> <span class='ocrx_word' id='word_1_116' title='bbox 303 501 351 522; x_wconf 76' lang='lat' dir='ltr'>abire</span> <span class='ocrx_word' id='word_1_117' title='bbox 365 500 459 519; x_wconf 77' lang='lat' dir='ltr'>constituit</span> <span class='ocrx_word' id='word_1_118' title='bbox 471 498 496 522; x_wconf 84' lang='lat' dir='ltr'>in</span> <span class='ocrx_word' id='word_1_119' title='bbox 503 501 578 523; x_wconf 85' lang='lat' dir='ltr'>domum</span> <span class='ocrx_word' id='word_1_120' title='bbox 590 507 647 524; x_wconf 81' lang='lat' dir='ltr'>suam</span> <span class='ocrx_word' id='word_1_121' title='bbox 672 501 708 520; x_wconf 84' lang='lat' dir='ltr'>Ubi</span> <span class='ocrx_word' id='word_1_122' title='bbox 720 503 739 520; x_wconf 86' lang='lat' dir='ltr'>et</span> 
     </span>
     <span class='ocr_line' id='line_1_16' title="bbox 201 521 746 567; baseline 0 -23"><span class='ocrx_word' id='word_1_123' title='bbox 201 530 212 538; x_wconf 86' lang='lat'>¹·</span> <span class='ocrx_word' id='word_1_124' title='bbox 219 522 326 545; x_wconf 74' lang='lat' dir='ltr'>diaconatus</span> <span class='ocrx_word' id='word_1_125' title='bbox 338 526 457 544; x_wconf 87' lang='lat' dir='ltr'>ministerium</span> <span class='ocrx_word' id='word_1_126' title='bbox 471 528 491 544; x_wconf 91' lang='lat' dir='ltr'>ut</span> <span class='ocrx_word' id='word_1_127' title='bbox 503 526 535 544; x_wconf 85' lang='lat' dir='ltr'>sibi</span> <span class='ocrx_word' id='word_1_128' title='bbox 544 521 653 548; x_wconf 73' lang='lat' dir='ltr'>crederetur</span> <span class='ocrx_word' id='word_1_129' title='bbox 662 526 740 550; x_wconf 80' lang='lat' dir='ltr'>rogavit,</span> <span class='ocrx_word' id='word_1_130' title='bbox 733 531 746 567; x_wconf 53' lang='grc'>,1</span> 
     </span>
     <span class='ocr_line' id='line_1_17' title="bbox 220 550 739 575; baseline -0.002 -5"><span class='ocrx_word' id='word_1_131' title='bbox 220 554 238 570; x_wconf 86' lang='lat' dir='ltr'>et</span> <span class='ocrx_word' id='word_1_132' title='bbox 244 554 265 570; x_wconf 86' lang='lat' dir='ltr'>ut</span> <span class='ocrx_word' id='word_1_133' title='bbox 269 551 414 569; x_wconf 78' lang='lat' dir='ltr'>benedictionem</span> <span class='ocrx_word' id='word_1_134' title='bbox 421 550 526 569; x_wconf 82' lang='lat' dir='ltr'>Leviticam&#39;</span> <span class='ocrx_word' id='word_1_135' title='bbox 525 551 621 575; x_wconf 79' lang='lat' dir='ltr'>acciperet.</span> <span class='ocrx_word' id='word_1_136' title='bbox 646 551 739 571; x_wconf 78' lang='lat' dir='ltr'>Quoniam</span> 
     </span>
     <span class='ocr_line' id='line_1_18' title="bbox 259 576 739 601; baseline 0 -7"><span class='ocrx_word' id='word_1_137' title='bbox 259 582 320 600; x_wconf 86' lang='lat' dir='ltr'>uoque</span> <span class='ocrx_word' id='word_1_138' title='bbox 330 576 369 594; x_wconf 89' lang='lat' dir='ltr'>Deo</span> <span class='ocrx_word' id='word_1_139' title='bbox 379 576 446 594; x_wconf 84' lang='lat' dir='ltr'>servire</span> <span class='ocrx_word' id='word_1_140' title='bbox 453 576 500 594; x_wconf 81' lang='lat' dir='ltr'>velle</span> <span class='ocrx_word' id='word_1_141' title='bbox 509 576 622 597; x_wconf 85' lang='lat' dir='ltr'>memoravit,</span> <span class='ocrx_word' id='word_1_142' title='bbox 630 579 650 595; x_wconf 88' lang='lat' dir='ltr'>et</span> <span class='ocrx_word' id='word_1_143' title='bbox 658 576 707 594; x_wconf 86' lang='lat' dir='ltr'>hoc&#39;</span> <span class='ocrx_word' id='word_1_144' title='bbox 699 582 739 601; x_wconf 83' lang='lat' dir='ltr'>Jam</span> 
     </span>
     <span class='ocr_line' id='line_1_19' title="bbox 219 601 740 623; baseline 0 -4"><span class='ocrx_word' id='word_1_145' title='bbox 219 602 244 620; x_wconf 89' lang='lat' dir='ltr'>du</span> <span class='ocrx_word' id='word_1_146' title='bbox 258 607 289 620; x_wconf 93' lang='lat' dir='ltr'>um</span> <span class='ocrx_word' id='word_1_147' title='bbox 298 601 359 619; x_wconf 87' lang='lat' dir='ltr'>animo</span> <span class='ocrx_word' id='word_1_148' title='bbox 370 601 470 623; x_wconf 81' lang='lat' dir='ltr'>devovisse,</span> <span class='ocrx_word' id='word_1_149' title='bbox 479 601 510 619; x_wconf 87' lang='lat' dir='ltr'>sed</span> <span class='ocrx_word' id='word_1_150' title='bbox 519 607 530 619; x_wconf 86' lang='lat' dir='ltr'>a</span> <span class='ocrx_word' id='word_1_151' title='bbox 538 601 591 619; x_wconf 77' lang='lat' dir='ltr'>Patre</span> <span class='ocrx_word' id='word_1_152' title='bbox 600 604 685 620; x_wconf 82' lang='lat' dir='ltr'>coactum</span> <span class='ocrx_word' id='word_1_153' title='bbox 694 607 740 620; x_wconf 83' lang='lat' dir='ltr'>uxo-</span> 
     </span>
     <span class='ocr_line' id='line_1_20' title="bbox 219 626 740 655; baseline -0.002 -10"><span class='ocrx_word' id='word_1_154' title='bbox 219 633 258 645; x_wconf 84' lang='lat' dir='ltr'>rem</span> <span class='ocrx_word' id='word_1_155' title='bbox 275 627 353 648; x_wconf 86' lang='lat' dir='ltr'>duxisse,</span> <span class='ocrx_word' id='word_1_156' title='bbox 369 632 423 651; x_wconf 72' lang='lat' dir='ltr'>quam</span> <span class='ocrx_word' id='word_1_157' title='bbox 437 626 536 655; x_wconf 80' lang='lat' dir='ltr'>accepisset</span> <span class='ocrx_word' id='word_1_158' title='bbox 550 626 655 645; x_wconf 86' lang='lat' dir='ltr'>vicesimum</span> <span class='ocrx_word' id='word_1_159' title='bbox 670 632 740 645; x_wconf 79' lang='lat' dir='ltr'>annum</span> 
     </span>
     <span class='ocr_line' id='line_1_21' title="bbox 201 651 741 677; baseline 0 -7"><span class='ocrx_word' id='word_1_160' title='bbox 201 655 213 663; x_wconf 84' lang='lat'>¹·</span> <span class='ocrx_word' id='word_1_161' title='bbox 219 658 286 677; x_wconf 80' lang='lat' dir='ltr'>agens:</span> <span class='ocrx_word' id='word_1_162' title='bbox 299 652 413 676; x_wconf 79' lang='lat' dir='ltr'>triennioque</span> <span class='ocrx_word' id='word_1_163' title='bbox 425 658 447 670; x_wconf 80' lang='lat' dir='ltr'>ea</span> <span class='ocrx_word' id='word_1_164' title='bbox 459 652 544 676; x_wconf 82' lang='lat' dir='ltr'>potitum,</span> <span class='ocrx_word' id='word_1_165' title='bbox 556 651 604 670; x_wconf 81' lang='lat' dir='ltr'>filios</span> <span class='ocrx_word' id='word_1_166' title='bbox 617 658 641 670; x_wconf 84' lang='lat' dir='ltr'>ex</span> <span class='ocrx_word' id='word_1_167' title='bbox 650 658 672 670; x_wconf 73' lang='lat' dir='ltr'>ea</span> <span class='ocrx_word' id='word_1_168' title='bbox 680 651 741 670; x_wconf 73' lang='lat' dir='ltr'>nullos</span> 
     </span>
     <span class='ocr_line' id='line_1_22' title="bbox 219 677 739 701; baseline 0 -6"><span class='ocrx_word' id='word_1_169' title='bbox 219 677 325 701; x_wconf 75' lang='lat' dir='ltr'>suscepisse,</span> <span class='ocrx_word' id='word_1_170' title='bbox 332 683 365 695; x_wconf 82' lang='lat' dir='ltr'>nec</span> <span class='ocrx_word' id='word_1_171' title='bbox 375 677 427 695; x_wconf 75' lang='lat' dir='ltr'>aliam</span> <span class='ocrx_word' id='word_1_172' title='bbox 435 677 529 695; x_wconf 86' lang='lat' dir='ltr'>mulierem</span> <span class='ocrx_word' id='word_1_173' title='bbox 535 679 602 701; x_wconf 76' lang='lat' dir='ltr'>praeter</span> <span class='ocrx_word' id='word_1_174' title='bbox 608 683 686 695; x_wconf 89' lang='lat' dir='ltr'>uxorem</span> <span class='ocrx_word' id='word_1_175' title='bbox 694 683 739 695; x_wconf 84' lang='lat' dir='ltr'>nov-</span> 
     </span>
     <span class='ocr_line' id='line_1_23' title="bbox 220 701 740 726; baseline -0.002 -5"><span class='ocrx_word' id='word_1_176' title='bbox 220 702 265 723; x_wconf 70' lang='lat' dir='ltr'>isse:</span> <span class='ocrx_word' id='word_1_177' title='bbox 277 702 385 726; x_wconf 79' lang='lat' dir='ltr'>jamdudum</span> <span class='ocrx_word' id='word_1_178' title='bbox 393 704 482 726; x_wconf 78' lang='lat' dir='ltr'>praeterea</span> <span class='ocrx_word' id='word_1_179' title='bbox 493 708 503 720; x_wconf 77' lang='lat' dir='ltr'>a</span> <span class='ocrx_word' id='word_1_180' title='bbox 513 701 612 720; x_wconf 84' lang='lat' dir='ltr'>concubitu</span> <span class='ocrx_word' id='word_1_181' title='bbox 624 702 686 720; x_wconf 83' lang='lat' dir='ltr'>uxoris</span> <span class='ocrx_word' id='word_1_182' title='bbox 698 702 740 720; x_wconf 77' lang='lat' dir='ltr'>abs-</span> 
     </span>
     <span class='ocr_line' id='line_1_24' title="bbox 221 726 740 751; baseline 0 -6"><span class='ocrx_word' id='word_1_183' title='bbox 221 727 301 749; x_wconf 75' lang='lat' dir='ltr'>tinuisse,</span> <span class='ocrx_word' id='word_1_184' title='bbox 308 733 330 745; x_wconf 86' lang='lat' dir='ltr'>eo</span> <span class='ocrx_word' id='word_1_185' title='bbox 339 727 389 751; x_wconf 82' lang='lat' dir='ltr'>quod</span> <span class='ocrx_word' id='word_1_186' title='bbox 396 729 415 745; x_wconf 87' lang='lat' dir='ltr'>et</span> <span class='ocrx_word' id='word_1_187' title='bbox 423 727 453 745; x_wconf 79' lang='lat' dir='ltr'>illa</span> <span class='ocrx_word' id='word_1_188' title='bbox 460 726 544 745; x_wconf 80' lang='lat' dir='ltr'>studebat</span> <span class='ocrx_word' id='word_1_189' title='bbox 549 727 633 748; x_wconf 79' lang='lat' dir='ltr'>castitati,</span> <span class='ocrx_word' id='word_1_190' title='bbox 640 729 659 745; x_wconf 87' lang='lat' dir='ltr'>et</span> <span class='ocrx_word' id='word_1_191' title='bbox 668 729 740 751; x_wconf 80' lang='lat' dir='ltr'>optaret</span> 
     </span>
     <span class='ocr_line' id='line_1_25' title="bbox 220 751 740 776; baseline 0 -6"><span class='ocrx_word' id='word_1_192' title='bbox 220 752 283 771; x_wconf 76' lang='lat' dir='ltr'>audire</span> <span class='ocrx_word' id='word_1_193' title='bbox 291 758 393 770; x_wconf 76' lang='lat' dir='ltr'>sennonem</span> <span class='ocrx_word' id='word_1_194' title='bbox 406 752 489 773; x_wconf 78' lang='lat' dir='ltr'>Thomae,</span> <span class='ocrx_word' id='word_1_195' title='bbox 502 751 534 770; x_wconf 88' lang='lat' dir='ltr'>sed</span> <span class='ocrx_word' id='word_1_196' title='bbox 545 755 620 776; x_wconf 83' lang='lat' dir='ltr'>propter</span> <span class='ocrx_word' id='word_1_197' title='bbox 628 752 740 770; x_wconf 78' lang='lat' dir='ltr'>debilitatem</span> 
     </span>
     <span class='ocr_line' id='line_1_26' title="bbox 203 776 741 801; baseline 0 -6"><span class='ocrx_word' id='word_1_198' title='bbox 203 780 215 788; x_wconf 82' lang='lat'>¹·</span> <span class='ocrx_word' id='word_1_199' title='bbox 222 777 285 795; x_wconf 81' lang='lat' dir='ltr'>adesse</span> <span class='ocrx_word' id='word_1_200' title='bbox 293 783 330 795; x_wconf 90' lang='lat' dir='ltr'>non</span> <span class='ocrx_word' id='word_1_201' title='bbox 340 780 406 801; x_wconf 89' lang='lat' dir='ltr'>posset.</span> <span class='ocrx_word' id='word_1_202' title='bbox 432 777 492 797; x_wconf 76' lang='lat' dir='ltr'>Quam</span> <span class='ocrx_word' id='word_1_203' title='bbox 506 777 520 795; x_wconf 90' lang='lat' dir='ltr'>si</span> <span class='ocrx_word' id='word_1_204' title='bbox 529 776 584 795; x_wconf 82' lang='lat' dir='ltr'>vellet</span> <span class='ocrx_word' id='word_1_205' title='bbox 592 777 691 801; x_wconf 82' lang='lat' dir='ltr'>Apostolus</span> <span class='ocrx_word' id='word_1_206' title='bbox 700 783 741 795; x_wconf 79' lang='lat' dir='ltr'>san-</span> 
     </span>
     <span class='ocr_line' id='line_1_27' title="bbox 222 801 741 826; baseline 0 -6"><span class='ocrx_word' id='word_1_207' title='bbox 222 808 258 824; x_wconf 75' lang='lat' dir='ltr'>are,</span> <span class='ocrx_word' id='word_1_208' title='bbox 266 808 285 820; x_wconf 88' lang='lat' dir='ltr'>se</span> <span class='ocrx_word' id='word_1_209' title='bbox 293 802 438 826; x_wconf 81' lang='lat' dir='ltr'>impetraturum,</span> <span class='ocrx_word' id='word_1_210' title='bbox 445 802 525 820; x_wconf 85' lang='lat' dir='ltr'>uteundi</span> <span class='ocrx_word' id='word_1_211' title='bbox 531 801 638 820; x_wconf 73' lang='lat' dir='ltr'>facultatem</span> <span class='ocrx_word' id='word_1_212' title='bbox 646 801 741 820; x_wconf 80' lang='lat' dir='ltr'>haberent.</span> 
     </span>
     <span class='ocr_line' id='line_1_28' title="bbox 222 826 741 851; baseline 0 -6"><span class='ocrx_word' id='word_1_213' title='bbox 222 827 256 846; x_wconf 92' lang='lat' dir='ltr'>Cui</span> <span class='ocrx_word' id='word_1_214' title='bbox 265 827 358 851; x_wconf 82' lang='lat' dir='ltr'>respondit</span> <span class='ocrx_word' id='word_1_215' title='bbox 368 827 455 849; x_wconf 74' lang='lat' dir='ltr'>Thomas,</span> <span class='ocrx_word' id='word_1_216' title='bbox 464 827 495 845; x_wconf 87' lang='lat' dir='ltr'>“Si</span> <span class='ocrx_word' id='word_1_217' title='bbox 504 827 568 848; x_wconf 80' lang='lat' dir='ltr'>credis,</span> <span class='ocrx_word' id='word_1_218' title='bbox 576 826 645 845; x_wconf 86' lang='lat' dir='ltr'>videbis</span> <span class='ocrx_word' id='word_1_219' title='bbox 653 827 741 845; x_wconf 80' lang='lat' dir='ltr'>mirabilia</span> 
     </span>
     <span class='ocr_line' id='line_1_29' title="bbox 222 852 710 876; baseline 0 -6"><span class='ocrx_word' id='word_1_220' title='bbox 222 852 262 873; x_wconf 83' lang='lat' dir='ltr'>Dei,</span> <span class='ocrx_word' id='word_1_221' title='bbox 268 855 287 870; x_wconf 90' lang='lat' dir='ltr'>et</span> <span class='ocrx_word' id='word_1_222' title='bbox 295 852 450 876; x_wconf 77' lang='lat' dir='ltr'>quemadmodum</span> <span class='ocrx_word' id='word_1_223' title='bbox 459 852 541 870; x_wconf 82' lang='lat' dir='ltr'>servulos</span> <span class='ocrx_word' id='word_1_224' title='bbox 549 852 634 876; x_wconf 84' lang='lat' dir='ltr'>proprios</span> <span class='ocrx_word' id='word_1_225' title='bbox 643 853 710 870; x_wconf 53' lang='grc' dir='ltr'>σοι-91]·</span> 
     </span>
     <span class='ocr_line' id='line_1_30' title="bbox 247 877 741 901; baseline 0 -6"><span class='ocrx_word' id='word_1_226' title='bbox 247 877 307 896; x_wconf 89' lang='lat' dir='ltr'>XVII.</span> <span class='ocrx_word' id='word_1_227' title='bbox 317 877 365 895; x_wconf 86' lang='lat' dir='ltr'>Dum</span> <span class='ocrx_word' id='word_1_228' title='bbox 372 877 412 895; x_wconf 79' lang='lat' dir='ltr'>haec</span> <span class='ocrx_word' id='word_1_229' title='bbox 418 877 525 901; x_wconf 85' lang='lat' dir='ltr'>loquuntur,</span> <span class='ocrx_word' id='word_1_230' title='bbox 530 877 605 901; x_wconf 60' lang='grc' dir='ltr'><strong>Τςρὲᾶα</strong></span> <span class='ocrx_word' id='word_1_231' title='bbox 613 877 693 899; x_wconf 82' lang='lat' dir='ltr'>nomine,</span> <span class='ocrx_word' id='word_1_232' title='bbox 698 883 741 901; x_wconf 80' lang='lat' dir='ltr'>quae</span> 
     </span>
     <span class='ocr_line' id='line_1_31' title="bbox 204 902 743 927; baseline -0.002 -6"><span class='ocrx_word' id='word_1_233' title='bbox 204 905 217 913; x_wconf 81' lang='lat'>¹·</span> <span class='ocrx_word' id='word_1_234' title='bbox 224 905 263 921; x_wconf 80' lang='lat' dir='ltr'>erat</span> <span class='ocrx_word' id='word_1_235' title='bbox 271 908 318 921; x_wconf 86' lang='lat' dir='ltr'>uxor</span> <span class='ocrx_word' id='word_1_236' title='bbox 326 902 379 927; x_wconf 75' lang='lat' dir='ltr'>regis,</span> <span class='ocrx_word' id='word_1_237' title='bbox 387 905 405 920; x_wconf 86' lang='lat' dir='ltr'>et</span> <span class='ocrx_word' id='word_1_238' title='bbox 415 902 516 926; x_wconf 80' lang='lat' dir='ltr'>Mygdonia</span> <span class='ocrx_word' id='word_1_239' title='bbox 525 902 600 920; x_wconf 74' lang='lat' dir='ltr'>Charisii</span> <span class='ocrx_word' id='word_1_240' title='bbox 609 905 698 923; x_wconf 79' lang='lat' dir='ltr'>matrona,</span> <span class='ocrx_word' id='word_1_241' title='bbox 711 902 743 926; x_wconf 88' lang='lat' dir='ltr'>qui</span> 
     </span>
     <span class='ocr_line' id='line_1_32' title="bbox 223 927 743 956; baseline 0 -11"><span class='ocrx_word' id='word_1_242' title='bbox 223 930 242 946; x_wconf 85' lang='lat' dir='ltr'>et</span> <span class='ocrx_word' id='word_1_243' title='bbox 247 927 286 956; x_wconf 86' lang='lat' dir='ltr'>ipse</span> <span class='ocrx_word' id='word_1_244' title='bbox 292 927 361 946; x_wconf 77' lang='lat' dir='ltr'>amicus</span> <span class='ocrx_word' id='word_1_245' title='bbox 366 930 405 945; x_wconf 80' lang='lat' dir='ltr'>erat</span> <span class='ocrx_word' id='word_1_246' title='bbox 412 927 464 951; x_wconf 85' lang='lat' dir='ltr'>regis,</span> <span class='ocrx_word' id='word_1_247' title='bbox 471 930 490 945; x_wconf 83' lang='lat' dir='ltr'>et</span> <span class='ocrx_word' id='word_1_248' title='bbox 497 927 576 945; x_wconf 80' lang='lat' dir='ltr'>Narchia</span> <span class='ocrx_word' id='word_1_249' title='bbox 581 927 649 948; x_wconf 83' lang='lat' dir='ltr'>nutrix,</span> <span class='ocrx_word' id='word_1_250' title='bbox 656 927 743 945; x_wconf 80' lang='lat' dir='ltr'>trecentis</span> 
     </span>
     <span class='ocr_line' id='line_1_33' title="bbox 222 952 743 977; baseline 0 -7"><span class='ocrx_word' id='word_1_251' title='bbox 222 952 317 977; x_wconf 76' lang='lat' dir='ltr'>sexaginta</span> <span class='ocrx_word' id='word_1_252' title='bbox 325 952 414 977; x_wconf 79' lang='lat' dir='ltr'>argenteis</span> <span class='ocrx_word' id='word_1_253' title='bbox 423 952 475 973; x_wconf 83' lang='lat' dir='ltr'>datis,</span> <span class='ocrx_word' id='word_1_254' title='bbox 482 958 492 970; x_wconf 82' lang='lat' dir='ltr'>a</span> <span class='ocrx_word' id='word_1_255' title='bbox 498 952 573 970; x_wconf 84' lang='lat' dir='ltr'>custode</span> <span class='ocrx_word' id='word_1_256' title='bbox 581 952 691 970; x_wconf 64' lang='lat' dir='ltr'>introductae</span> <span class='ocrx_word' id='word_1_257' title='bbox 700 955 743 970; x_wconf 84' lang='lat' dir='ltr'>sunt</span> 
     </span>
     <span class='ocr_line' id='line_1_34' title="bbox 222 977 778 1005; baseline -0.004 -9"><span class='ocrx_word' id='word_1_258' title='bbox 222 978 246 996; x_wconf 79' lang='lat' dir='ltr'>ad</span> <span class='ocrx_word' id='word_1_259' title='bbox 251 977 366 1002; x_wconf 81' lang='lat' dir='ltr'>Apostolum.</span> <span class='ocrx_word' id='word_1_260' title='bbox 372 977 473 1002; x_wconf 85' lang='lat' dir='ltr'>Atqueillic</span> <span class='ocrx_word' id='word_1_261' title='bbox 479 979 586 1002; x_wconf 82' lang='lat' dir='ltr'>repererunt</span> <span class='ocrx_word' id='word_1_262' title='bbox 592 977 690 995; x_wconf 77' lang='lat' dir='ltr'>Siforatum</span> <span class='ocrx_word' id='word_1_263' title='bbox 696 977 744 995; x_wconf 85' lang='lat' dir='ltr'>mili·</span> <span class='ocrx_word' id='word_1_264' title='bbox 750 983 778 1005; x_wconf 55' lang='grc' dir='ltr'>’.γι</span> 
     </span>
     <span class='ocr_line' id='line_1_35' title="bbox 223 1002 745 1027; baseline -0.002 -6"><span class='ocrx_word' id='word_1_265' title='bbox 223 1003 254 1021; x_wconf 69' lang='lat' dir='ltr'>tiae</span> <span class='ocrx_word' id='word_1_266' title='bbox 262 1003 309 1027; x_wconf 81' lang='lat' dir='ltr'>regis</span> <span class='ocrx_word' id='word_1_267' title='bbox 318 1002 389 1024; x_wconf 82' lang='lat' dir='ltr'>ducem,</span> <span class='ocrx_word' id='word_1_268' title='bbox 402 1005 420 1021; x_wconf 82' lang='lat' dir='ltr'>et</span> <span class='ocrx_word' id='word_1_269' title='bbox 429 1003 561 1024; x_wconf 73' lang='lat' dir='ltr'>Zuza11em,et</span> <span class='ocrx_word' id='word_1_270' title='bbox 568 1002 645 1020; x_wconf 80' lang='lat' dir='ltr'>Siforem</span> <span class='ocrx_word' id='word_1_271' title='bbox 659 1008 745 1024; x_wconf 80' lang='lat' dir='ltr'>uxorem,</span> 
     </span>
     <span class='ocr_line' id='line_1_36' title="bbox 203 1027 744 1054; baseline -0.002 -8"><span class='ocrx_word' id='word_1_272' title='bbox 203 1030 216 1039; x_wconf 71' lang='lat'>⁸*</span> <span class='ocrx_word' id='word_1_273' title='bbox 223 1030 241 1046; x_wconf 85' lang='lat' dir='ltr'>et</span> <span class='ocrx_word' id='word_1_274' title='bbox 252 1027 308 1046; x_wconf 74' lang='lat' dir='ltr'>filiam</span> <span class='ocrx_word' id='word_1_275' title='bbox 320 1027 365 1052; x_wconf 83' lang='lat' dir='ltr'>ejus,</span> <span class='ocrx_word' id='word_1_276' title='bbox 374 1030 393 1046; x_wconf 85' lang='lat' dir='ltr'>et</span> <span class='ocrx_word' id='word_1_277' title='bbox 404 1028 449 1046; x_wconf 81' lang='lat' dir='ltr'>alios</span> <span class='ocrx_word' id='word_1_278' title='bbox 461 1027 520 1046; x_wconf 80' lang='lat' dir='ltr'>verbis</span> <span class='ocrx_word' id='word_1_279' title='bbox 532 1027 645 1054; x_wconf 74' lang='lat' dir='ltr'>Evangelicis</span> <span class='ocrx_word' id='word_1_280' title='bbox 657 1027 744 1046; x_wconf 78' lang='lat' dir='ltr'>intentos.</span> 
     </span>
    </p>
   </div>
  </div>
 </body>
</html>
