823 1277
57 827 88 848 ΗΞ.

196 140 232 151 nn.
245 137 302 151 Aaou:
314 136 359 152 lima
371 137 479 155 Διόετοιιοι,
492 137 517 152 lib.
529 138 544 152 9.
615 137 646 153 4³7

96 184 120 196 ex
132 178 198 202 quibus
209 178 239 196 isti
251 178 280 196 vel
293 178 403 200 funduntur,
415 179 444 197 vel
457 179 572 203 sculpuntur,
584 179 624 203 ejus

96 203 153 221 verbo
168 205 231 221 creata
244 206 293 224 sunt,
307 203 359 227 cujus
374 206 393 221 et
409 209 443 222 nos
457 206 541 222 creatura
554 210 622 222 sumus.

96 227 139 245 Non
152 230 180 245 est
192 234 236 252 ergo
248 234 330 251 aequum,
341 234 393 246 soror
405 228 526 250 dilectissima,
537 231 558 247 ut
570 228 624 246 relin-

96 255 174 276 quentes
189 253 244 270 talem
259 252 354 274 artificem,
367 255 470 271 creaturam
484 253 545 277 potius
560 253 624 271 adore-

96 283 137 295 mus
144 283 186 300 quae
193 277 246 295 nobis
252 277 274 295 ad
282 277 398 295 serviendum
405 277 448 295 data
456 279 498 296 est<⁷¹
525 278 571 296 Hoec
577 278 622 296 dum
629 281 634 288 ¹

97 302 200 326 Mygdonia
211 302 292 323 dixisset,
301 305 340 320 tum
350 304 369 320 et
378 302 462 320 Zuzanes
473 302 521 321 filius
533 303 580 326 regis
592 303 623 324 ait,

97 327 184 350 “Ecquis
196 327 237 345 haec
249 327 311 345 omnia
322 327 395 349 creavit,
405 327 438 345 nisi
450 327 474 345 dii
486 327 558 345 nostri?
575 327 623 345 Nam

97 351 169 375 Jupiter
184 351 251 369 coelum
267 354 324 373 tenet,
337 352 387 370 Juno
400 358 443 369 aera
458 352 510 375 regit,
524 352 622 376 Neptunus

97 382 147 394 mare
154 376 250 399 gubernat,
258 376 312 394 Pluto
319 376 391 394 inferna
397 376 474 400 judicat,
482 376 561 394 Phoebus
568 377 623 398 diem,

97 401 219 424 Berecynthia
235 404 309 419 noctem
327 401 439 419 inluminat.”
468 401 502 419 Cui
519 401 621 425 Mygdonia
629 405 640 412 ¹¹²

97 425 198 447 subridens,
210 426 241 447 ait,
251 426 338 444 “Omnes
349 426 378 444 isti
390 432 437 449 quos
448 432 588 448 commemoras,
596 426 623 444 fili

96 450 218 472 dilectissime,
227 450 299 469 inferno
308 451 389 468 damnati
398 453 447 472 sunt,
456 451 499 475 quia
507 457 545 469 non
554 456 622 475 cogno-

99 477 165 493 verunt
177 475 237 493 Deum
250 475 316 493 vivum.
342 475 391 493 Nam
400 475 414 493 si
422 481 505 493 recurras
516 475 540 493 ad
552 478 624 493 veteres

96 499 174 521 fabulas,
188 500 269 518 invenies
284 500 318 518 hos
333 502 352 518 et
365 500 443 518 luxuriis
456 500 533 522 deditos,
548 502 567 518 et
580 500 623 518 talia

98 524 146 542 mala
159 524 279 553 perpetrsisse,
293 525 354 549 qualia
367 524 422 543 hodie
437 525 508 549 judices
522 525 540 543 in
555 525 623 549 iniquis
631 528 642 535 ¹¹

98 549 202 567 hominibus
209 552 344 573 persequuntur
351 552 369 567 et
376 550 461 573 puniunt.
483 550 553 567 Mortui
560 552 623 568 autem

97 575 146 594 sunt,
155 576 174 591 et
183 579 220 591 non
230 574 298 591 vivunt.
325 574 375 592 Deus
386 576 448 592 autem
462 576 524 592 noster
533 577 596 592 manet
604 574 622 592 in

97 598 160 616 secula
181 598 297 622 sempiterna.
323 598 348 616 Et
369 598 401 622 qui
421 598 518 616 crediderit
536 598 555 616 in
574 604 623 620 euru,

98 622 208 641 transfertur
217 623 239 641 ab
248 623 282 641 hac
292 623 403 647 temporaria
411 625 470 641 morte
478 623 497 641 in
506 623 562 641 vitam
571 625 624 641 zeter-

98 648 156 666 narn.'’
181 648 281 671 Quumque
291 647 331 666 haec
340 650 359 666 et
368 648 396 666 his
407 648 473 666 similia
482 648 508 666 eis
521 648 623 672 Mygdonia
629 651 641 658 ¹·

99 672 173 693 diceret,
185 675 297 696 compuncta
309 672 364 690 corde
376 678 424 690 uxor
429 673 488 701 regis,
497 673 522 691 ait
533 672 572 691 filio
584 679 624 694 suo,

99 697 176 715 “Recte
184 703 241 715 soror
244 700 308 715 nostra
319 697 405 721 relinquit
417 697 475 715 virum
484 703 544 719 suum,
553 700 572 715 et
580 697 624 715 divi-

98 722 132 740 tias
139 725 227 743 terrenus,
232 725 252 740 ut
259 722 313 740 vitam
321 722 381 746 capiat
387 722 522 746 sempiternam,
548 722 623 740 Utinam

98 749 117 765 et
128 753 162 765 nos
173 746 276 765 videremus
288 747 382 765 hominem
393 747 455 768 istum,
464 747 495 770 qui
506 746 577 765 faceret
589 752 623 765 nos

98 777 210 796 cognoscere
225 772 335 790 veritatem?
361 772 386 790 At
398 771 430 790 illa¹
442 771 530 796 gaudens,
543 771 586 789 abiit
599 771 642 790 ad”

98 796 208 820 apostolum,
217 799 236 815 et
247 797 328 815 narravit
336 796 352 815 ei
362 797 429 818 omnia,
438 802 481 821 quae
492 799 534 815 acta
544 796 623 814 fuerant.

99 821 133 839 Ille
150 827 194 839 vero
211 821 303 845 gaudebat
320 824 339 839 et
355 822 393 845 ipse
410 821 512 845 praedicans
529 821 568 839 sine
584 821 623 842 fine

98 846 175 864 verbum
189 846 269 867 Domini,
282 848 301 864 et
313 846 398 870 imposita
412 852 468 864 manu
481 846 574 864 benedixit
587 849 625 867 eos,

98 873 117 889 et
130 871 218 895 praecepit
232 877 264 889 eos
279 871 382 889 abscedere.
408 870 444 888 Sed
459 876 496 888 non
514 870 558 888 abiit
575 870 624 888 ultra

96 901 145 913 uxor
157 895 204 919 regis
216 896 239 913 ad
251 895 310 913 virum
323 901 383 917 suurn,
394 901 429 913 nec
440 895 489 913 filius
502 895 542 919 ejus
554 901 621 913 renun-
629 898 640 905 ²·

98 920 152 938 ciavit
161 920 207 944 putri
217 920 240 938 de
248 920 275 938 his
284 926 327 944 quae
335 922 448 944 perceperat.

123 945 172 963 XIV.
185 945 286 974 Quumque
299 945 339 963 haec
352 945 414 963 omnia
425 944 532 963 renunciata
544 944 622 962 fuissent

99 969 176 988 Mesdeo
187 970 232 994 regi,
242 969 293 994 quod
304 970 373 988 scilicet
385 975 433 988 uxor
444 969 483 993 ejus
492 971 511 987 et
519 969 568 987 filius
581 975 625 987 con-

99 994 145 1012 versi
158 997 220 1012 essent
232 995 255 1012 ad
268 995 380 1019 apostolum,
392 994 449 1012 iratus
463 994 523 1015 valde,
536 994 624 1018 praecepit

99 1019 165 1037 adduci
181 1025 259 1037 uxorem
277 1025 335 1041 suam
350 1021 369 1037 et
386 1019 451 1037 filium.
477 1018 549 1039 Quibus
566 1024 624 1042 quum
632 1021 643 1029 '³

654 873 681 889 114
