823 1277
143 717 168 738 ¹¹7

195 274 200 281 ¹
208 271 258 289 Tum
266 276 306 292 rex,
314 273 326 280 “
333 270 476 288 Invictissimum
485 270 553 291 Solem,
561 270 611 288 Deus
620 272 669 291 tuus,
678 275 734 293 quem

189 397 200 404 ¹·
206 394 272 412 iterum
287 394 388 418 apostolus,
403 393 484 411 “Primo
499 399 534 417 ego
549 393 606 411 adoro
622 399 671 414 eum,
685 395 705 411 et
719 393 734 411 si

189 519 200 527 ¹·
233 517 283 534 XIV.
297 517 355 534 Erant
364 518 427 534 autem
436 516 514 540 virgines
526 522 568 534 cum
577 516 621 540 lyris
630 518 733 538 cantantes,

187 643 199 651 ¹·
207 640 288 664 deceptis
312 640 423 661 hominibus,
445 640 476 663 qui
501 640 632 658 simulachrum
658 640 731 658 vident:

187 763 257 781 ”solus
270 763 364 787 apostolus
379 763 449 781 videret
462 769 510 781 eum.
537 763 561 781 Et
576 763 623 781 dixit
635 763 658 784 ei,
671 765 682 773 ‘¹
690 763 732 787 Ego

187 886 282 904 ”damnet
298 886 316 904 in
334 886 434 910 abyssum.”
460 886 485 904 Et
502 886 597 910 respondit
617 886 633 904 ei
650 886 731 908 daemon,

182 129 214 145 440
280 128 335 144 Consx
347 129 453 144 Arocmrruus
465 128 508 144 Non
519 127 625 144 'fixi-susan.

207 172 222 190 si
234 174 293 196 puta-⁶3,
305 172 322 189 0
333 177 372 193 rex,
384 171 441 195 quod,
453 171 500 189 sicut
512 171 558 189 dixit
572 170 670 192 Charisius,
683 170 748 188 Deusr.

206 202 259 214 meus
267 196 355 214 irascatur
364 196 414 217 mihi,
423 202 480 220 quum
492 201 528 220 ego
537 196 597 214 Deum
606 198 659 213 tuum
668 195 733 213 adora-

207 227 257 239 vero.
284 221 326 239 Hoc
339 221 397 245 magis
408 220 451 238 volo
463 223 482 238 te
493 220 554 242 nosse,
563 220 613 244 quod
625 220 640 238 is
650 220 690 238 Deo
700 223 734 238 tuo

208 246 303 267 irascetur,
313 248 332 263 et
343 247 413 263 evertet
424 251 467 263 eum
480 251 524 263 mox
533 247 554 263 ut
565 245 667 263 adoravero
676 245 734 263 eum.”

207 295 268 313 Judaei
277 295 390 316 occiderunt,
399 297 480 313 evertere
489 300 513 312 ne
524 297 586 318 potest
593 295 600 312 2
608 295 617 302 ”
630 294 667 312 Res
681 294 734 312 ondit

206 319 307 344 apostolus,
316 322 326 329 ‘⁸
333 319 365 337 Vis
377 325 421 343 ergo
432 319 512 343 probari,
521 319 534 337 si
543 319 579 337 hoc
605 321 654 337 otest
671 319 703 337 ieri
711 319 734 337 2’·

206 345 232 363 Et
245 344 343 366 Charisius,
356 344 507 362 “Excusationes
521 343 563 367 (ait)
576 343 590 361 si
604 343 609 361 i
622 344 699 365 invenit,
712 345 734 361 ut

206 375 244 387 nou
259 369 324 387 adoret
338 369 406 390 Solem,
419 374 480 392 neque
493 368 584 386 sacrificet
596 368 628 386 eil*
655 368 704 386 Dicit
716 368 734 386 ei

206 425 248 436 eum
261 424 298 436 non
312 421 382 436 evertet
395 418 445 436 Deus
458 424 516 439 meus,
527 420 568 435 tum
580 417 688 435 sacrificabo
701 418 733 435 ei.’'

207 443 232 461 Et
240 449 297 467 quum
309 443 431 461 consensisset
442 448 476 460 rex
487 445 506 460 et
518 442 617 463 Charisius,
625 442 733 460 introduxe-

206 471 249 485 runt
263 474 305 486 eum
320 468 339 485 in
354 467 451 492 templum,
466 467 555 485 ducentes
568 467 645 485 choreas
659 473 681 485 eo
695 467 732 485 ritu

207 498 244 516 quo
253 492 342 510 solebant.

206 541 236 559 alii
245 547 287 559 cum
296 541 349 562 tibiis,
357 541 386 559 alii
397 547 439 559 cum
448 540 540 565 tympanis
549 541 579 558 alii
588 546 631 559 cum
640 540 705 565 vgtjllis
714 544 734 559 et

206 565 309 584 thuribulis.
335 566 360 583 Et
372 571 429 589 quum
440 565 559 587 introiissent,
567 565 593 583 ait
604 565 699 589 apostolus
709 565 733 584 ad

206 590 343 612 simulachrum,
358 590 418 608 “Tibi
432 590 505 614 loquor,
521 590 600 612 daemon,
616 590 647 614 qui
663 590 682 608 in
696 590 732 609 isto

205 615 317 633 simulachro
330 615 407 636 habitas,
419 617 438 633 et
451 615 482 639 qui
496 615 528 633 das
540 621 628 640 responsa
641 615 701 633 stultis
713 618 733 633 et

206 664 277 688 Adjuro
285 667 303 683 te
311 665 329 682 in
339 664 413 682 nornine
421 664 494 682 Domini
502 664 537 683 mei
546 664 557 682 J
559 670 591 683 esu
599 664 666 683 Christi
675 657 733 688 quem*

206 689 268 707 Judaei
281 689 418 710 crucifixerunt,
430 691 451 707 ut
462 695 523 710 exeas,
532 691 551 707 et
563 691 600 707 stes
612 692 655 707 ante
666 695 703 710 rne,
711 692 733 707 ut

206 714 280 735 videant
292 716 323 732 te:
342 716 360 732 et
374 714 424 738 quod
437 714 550 738 imperavere,
563 714 601 735 tibi,
612 714 647 732 hoc
660 713 733 732 facias?

206 738 296 762 Egressus
311 741 373 757 autem
388 738 468 760 daemon,
484 739 535 756 stetit
549 741 592 757 ante
607 745 657 760 eum,
670 739 696 756 ita
710 741 733 757 ut

206 787 261 806 corde
283 788 324 805 colo
345 788 445 806 Dominum
464 794 526 806 meum
545 788 609 806 Jesum
632 788 732 806 Christum.

207 812 254 830 Mox
270 814 332 830 autem
346 814 367 830 ut
382 818 461 836 posuero
476 818 537 836 genua
553 818 594 831 mea
609 813 628 830 in
643 815 697 834 terra,
712 815 733 830 et

206 837 269 855 dixero
278 837 316 858 tibi,
326 839 346 855 ut
354 836 459 861 confringas
467 837 543 859 idolum,
552 837 621 861 rogabo
631 837 732 855 Dominum

206 867 275 883 meum,
284 864 305 879 ut
318 862 380 880 mittat
390 862 476 885 angelum
489 868 549 883 suurn,
558 862 590 885 qui
598 864 617 880 te
628 862 703 886 releget,
712 864 732 879 et

205 914 217 921 “
224 911 302 935 Rogabo
309 913 327 929 te
334 911 417 936 apostole
425 911 465 932 Dei,
470 917 494 929 ne
501 917 530 929 me
536 911 554 929 in
561 911 647 935 abyssum
654 911 731 935 releges.

206 936 242 954 Sed
249 935 334 959 permitte
342 942 377 957 me,
384 938 403 954 et
410 942 473 954 omnes
480 936 524 954 istos
533 936 657 954 interficiam?
681 936 732 954 Tum

205 960 306 984 apostolus,
321 963 333 970 “
341 960 415 984 [mpero
431 961 462 978 tibi
477 960 495 978 in
514 961 589 978 nomine
604 960 650 978 Jesu
664 960 732 978 Christi

205 985 278 1003 Domini
291 985 339 1006 mei;
357 991 381 1003 ne
390 985 468 1003 laedatur
481 985 529 1003 ullus
541 985 643 1006 hominurn,
652 985 685 1003 nisi
695 985 732 1003 hoc

186 1012 197 1020 '¹
206 1009 265 1028 solum
290 1009 427 1028 simulachrum.
462 1010 508 1028 Mox
529 1012 550 1028 ut
572 1016 633 1034 genua
653 1009 732 1031 flexere,
