823 1277
195 116 226 131 155}
292 116 347 131 Conex
359 116 465 131 Aroe-{evenus
477 115 520 131 Novi
531 115 638 131 'fes-mumu-

221 159 256 177 feci
265 159 289 177 ad
298 158 365 177 famam
378 159 480 180 hominum,
489 161 509 176 tu
520 158 577 177 facias
586 158 609 177 ad
617 159 696 182 gloriam
705 158 754 183 ejus,

222 185 277 207 (luem
287 186 339 202 tuum
350 184 458 208 Magistrum
471 190 509 202 esse
519 184 669 202 commemoras?
694 184 751 202 Tunc

222 209 287 226 beatus
304 208 386 226 Joannes
403 208 491 232 colligens
507 208 612 232 fragmenta
629 214 753 232 gemmarum,

223 233 291 257 illaque
304 239 360 251 manu
373 233 460 254 retinens,
471 233 550 251 elevavit
562 233 626 251 oculos
639 233 663 251 ad
677 233 753 254 coelum,

211 261 216 268 ¹
224 260 243 276 et
257 258 310 280 dixit,
323 260 335 268 ‘¹
343 258 421 276 Domine
433 257 478 276 Jesu
491 257 571 279 Christe,
583 257 612 276 cui
625 257 671 275 nihil
684 257 753 282 impos-

223 282 274 301 sibile
287 285 321 304 est,
334 282 365 306 qui
377 282 457 300 fractum
471 282 560 300 mundum
576 288 609 306 per
622 282 692 306 lignum
708 288 754 301 con-

223 313 246 326 cu
260 307 347 329 iscentiae,
367 313 430 326 rursus
449 313 482 331 per
501 307 571 331 lignum
593 307 653 325 crucis
674 310 712 325 tuae
733 307 753 325 in

223 335 260 350 tuis
274 332 360 350 fidelibus
375 332 491 350 restaurasti:
511 332 542 355 qui
556 334 600 350 nato
614 338 666 350 cneco
680 332 753 353 oculos,

224 363 272 381 quos
286 359 354 375 natura
367 359 472 381 negaverat,
485 356 592 375 reddidisti:
612 357 643 380 qui
656 359 752 375 mortuum

206 382 322 403 ''Lazarmm
342 384 361 399 et
379 381 478 406 sepultum,
496 383 538 405 post
557 384 643 405 quartum
661 381 710 399 diem
729 381 753 399 ad

224 412 302 430 superos
321 406 418 428 revocasti,
434 408 453 424 et
473 412 536 424 omnes
556 406 630 424 morbos
649 412 753 430 omnesque

225 430 345 455 aegrimonias,
363 431 434 449 virtutis
451 433 489 449 tuae
507 430 563 449 verbo
579 430 685 455 subjecisti:
705 431 754 449 adeo

225 461 274 474 nunc
283 461 339 480 super
347 455 391 473 istos
400 455 470 479 lapides
494 455 580 477 reciosos,
589 462 636 479 quos
646 455 754 480 ignorantes

224 480 296 499 fructus
305 480 428 504 eleemosynae
437 480 460 498 ad
469 486 481 504 p
489 486 544 498 ausus
552 480 648 498 hominum
658 480 755 504 confrega

207 508 218 515 ¹¹
226 507 280 523 runt:
296 507 323 526 tu,
336 505 421 526 Domine,
434 511 467 529 per
480 511 544 523 manus
557 505 665 529 angelorum
678 507 754 523 tuorum

225 529 282 548 modo
290 535 334 547 recu
348 535 385 551 era,
395 532 415 547 ut
424 530 482 554 pretio
490 535 555 547 eorum
567 529 696 548 misericordiae
708 536 753 548 usus

226 554 318 579 expletus,
341 554 389 572 aciat
403 554 499 572 credentes
514 554 546 572 tibi
561 554 642 578 ingenito
656 554 704 579 patri
719 561 754 579 per

225 579 341 603 unigenitum
349 578 409 597 filiurn
418 581 478 600 tuum,
485 579 585 597 Dominum
594 581 678 597 nostrum
687 579 698 597 J
700 585 753 598 esum

225 604 325 625 Christum,
334 609 377 622 cum
390 603 458 622 Sancto
470 603 539 628 Spiritu
550 603 673 622 illuminatore
685 606 704 622 et
712 610 755 622 san-

207 628 328 647 ”ctificatore
341 628 398 647 tutius
411 628 505 650 Ecclesiae,
517 628 535 647 in
547 628 615 647 saecula
628 628 755 647 saeculorumx·

225 653 326 678 Quumque
338 653 476 677 respondissent
487 653 557 675 fideles,
569 653 600 677 qui
613 659 656 671 cum
668 654 754 677 apostolo

225 680 284 700 erant,
293 681 312 696 et
320 678 415 699 dixissent,
421 680 432 688 “
439 678 499 696 Amen
506 679 510 696 ἰ
517 679 526 685 ”
539 678 565 696 ita
571 684 614 696 mox
624 681 667 696 sunt
675 678 755 696 solidata

225 702 330 727 fragmenta
342 709 463 727 gemmarum,
476 705 496 721 ut
509 709 544 721 nec
557 703 629 727 signum
645 703 720 727 aliquod
734 703 754 721 in

226 727 253 745 his
262 727 311 751 quod
323 727 387 745 fracta:
398 727 482 749 fuissent,
491 730 600 746 remaneret.
626 728 674 747 Quae
683 727 754 746 Craton

208 752 350 776 ”Philosophus
363 758 405 770 cum
422 752 459 770 suis
472 752 565 776 discipulis
580 758 662 773 cernens,
676 752 755 777 pedibus

226 776 304 800 apostoli
321 776 426 798 advolutus,
440 776 517 795 credidit
532 777 604 798 exinde,
617 779 636 795 et
650 777 754 801 baptizatus

226 803 254 819 est
267 807 308 819 cum
321 801 411 822 omnibus,
423 801 516 825 caepitque
528 804 547 819 et
559 801 597 825 ipse
609 801 666 820 sudem
679 802 753 820 Domini

226 826 284 844 nostri
293 826 337 844 Jesu
347 825 413 844 Christi
421 826 494 850 publice
503 826 608 850 praedicare.

252 850 291 869 XV.
306 851 371 874 Itaque
383 850 421 868 duo
432 850 498 869 fratres
511 851 542 872 illi,
555 857 601 875 quos
613 851 698 872 diximus,
710 858 754 869 ven-

208 875 319 894 ”undantes
335 881 423 899 gemmas,
438 881 484 899 quas
500 875 574 894 vendito
592 876 702 900 patrimonio
720 882 754 895 suo

227 903 316 921 emerant,
333 900 444 924 pauperibus
464 900 592 918 tradiderunt:
614 903 633 918 et
653 901 710 925 cuepit
730 901 752 919 tle

226 925 297 948 reliquo
304 924 375 943 infinim
380 924 435 943 turba
440 925 555 943 credentium
560 925 655 943 adhaerere
662 926 752 949 apostolo.

226 949 274 970 Quae
287 955 344 973 quum
355 949 428 971 fierent,
437 949 503 968 accidit
512 952 533 968 ut
541 950 608 968 eodem
619 950 706 974 exemplo
716 950 753 969 duo

225 974 310 993 honorati
320 974 397 992 civitatis
404 974 527 998 Ephesiorum
535 975 597 993 omnia
605 981 639 993 sua
646 975 753 997 venderent,

207 1001 245 1017 ”ct
262 999 358 1023 egentibus
375 999 510 1020 distribuerent,
527 1002 626 1023 sequentes
646 1000 752 1024 apostolum
