823 1277
193 118 222 130 vn.
234 113 280 130 Hm.
292 119 312 130 nu
323 118 358 131 xm.
371 112 415 130 Mn.
428 118 448 130 ιτ
458 118 490 130 nur.
503 113 550 130 Sus.
616 115 636 132 81

80 157 198 176 obstetricem
204 164 209 176 z
219 157 250 182 qui
257 163 315 182 quum
320 163 403 176 reversus
408 160 457 176 esset
463 157 487 176 ad
496 158 609 182 speluncam,

81 182 142 201 Maria
147 182 186 206 jam
195 182 286 201 infantem
297 185 392 206 genuerat.
418 182 444 201 Et
452 183 498 201 dixit
507 183 576 207 Joseph
585 183 609 201 ad

80 207 166 229 Mariam,
174 210 186 218 “
193 207 234 232 Ego
247 207 280 226 tibi
292 207 362 225 Zelemi
374 210 394 226 et
406 207 492 226 salomen
502 208 609 226 obstetrices

79 232 153 253 adduxi,
169 238 211 256 quae
226 231 271 250 foris
286 235 328 250 ante
344 232 451 257 speluncam
466 235 521 254 stant,
536 236 555 251 et
569 239 608 257 prae

79 257 176 282 splendore
185 257 241 275 nimio
250 256 280 275 hic
291 263 330 275 uon
338 260 416 281 possunt
424 257 514 276 introire?
527 257 608 276 Audiens
621 265 627 275 ι

79 284 142 300 autem
151 282 192 300 haec
201 282 261 300 Maria
269 282 348 300 subrisit.
362 282 386 300 Et
395 282 441 300 dixit
450 282 472 300 sd
482 288 522 300 eam
531 282 608 307 Joseph,

79 310 91 318 '¹
98 307 141 325 Noli
151 306 250 329 subridere,
263 306 296 325 sed
307 310 362 325 cauta
374 309 421 328 esto,
433 313 456 325 ne
467 307 515 326 forte
526 307 608 326 ind‘oeas

79 332 184 350 medicina?
203 332 257 350 Tunc
264 331 319 356 jussit
327 337 383 350 unam
392 338 415 350 ex
424 332 459 350 illis
467 332 542 350 introire
551 338 562 350 a
583 338 608 351 se.

78 357 179 381 Quumque
194 356 275 381 ingressa
286 359 334 375 esset
347 356 418 375 Zelemi
430 357 453 375 ad
463 357 547 379 Mariam,
556 357 608 379 dixit,

78 384 90 392 “
97 382 174 400 Dimitte
182 387 219 403 me,
227 384 248 400 ut
259 384 333 405 tangam
343 382 376 399 te.”
389 381 489 406 Quumque
497 382 608 406 permisisset
616 391 627 401 ω

78 413 98 425 se
108 407 168 425 Maria
177 406 233 431 tangi,
245 406 355 424 exclamavit
363 412 409 424 voce
417 412 485 431 magna
494 409 513 425 et
521 407 567 425 dixit
576 407 608 425 ob-

78 431 150 453 stetrix,
165 434 176 442 “
182 431 267 453 Domine,
280 430 360 452 domine,
373 431 459 449 miserere
467 437 471 449 ι
491 431 552 450 adhuc
572 431 608 450 hoc

78 461 112 475 nec
128 456 194 478 audivi,
202 462 236 474 nee
251 456 270 474 in
284 456 406 480 suspicionem
416 455 478 477 habui,
486 458 508 474 ut
521 456 608 475 mamillae

79 481 139 506 plenae
148 481 184 499 sint
195 480 249 502 lacte,
260 483 280 500 et
292 483 346 499 natus
360 480 451 499 masculus
464 484 542 499 matrem
555 487 607 499 suam

78 506 166 530 virginem
185 505 274 524 ostendat.
301 505 358 524 Nulla
374 505 452 530 pollutio
466 506 484 524 in
499 509 607 524 nascentem
615 519 627 529 „

78 530 128 549 iacta
136 533 170 552 est,
178 530 240 549 nullus
249 530 302 549 dolor
309 530 328 548 in
337 530 474 555 parturientem.
500 531 555 555 Virgo
564 537 608 549 con-

78 556 133 580 cepit,
142 556 193 580 virgo
201 555 278 580 peperit,
289 555 339 579 virgo
345 556 456 579 permane&
468 555 550 574 Audiens
559 556 607 574 hanc

78 586 143 599 vocem
156 580 191 599 alia
204 580 292 598 obstetrix
301 581 375 598 nomine
384 580 457 598 Salome
469 580 521 601 dixit,
535 580 608 601 “Quod

78 611 113 630 ego
123 605 184 626 sudio,
196 611 234 623 non
246 605 326 626 credam,
335 605 369 623 nisi
381 604 430 623 forte
443 605 482 629 ipsa
490 605 607 629 probavero.”

78 631 103 649 Et
111 631 129 648 in
145 636 194 649 ressa
202 630 275 648 Salume
284 630 307 648 ad
315 630 392 648 Mariam
398 629 450 651 dixit,
459 632 470 640 ‘¹
477 630 564 648 Permitte
571 636 607 652 me,
614 641 626 651 ¹.

77 659 98 674 ut
106 662 130 680 pa
137 661 180 680 pem
191 658 209 673 te
218 658 237 673 et
248 654 332 679 probem,
340 657 403 673 utrum
417 660 481 673 verum
494 654 561 673 dixerit
572 656 607 673 Ze—

77 680 135 699 lemi.”
145 680 245 704 Quumque
252 679 363 704 permisisset
370 679 435 701 Maria,
444 682 464 697 ut
471 685 512 698 eam
517 680 607 704 palparet,

78 705 127 723 misit
142 711 218 723 manum
234 710 286 722 suam
304 704 376 722 Salome
384 710 389 725 ;
407 707 426 722 et
448 710 506 728 quum
528 705 607 723 misisset

77 732 96 748 et
105 732 195 754 tangeret,
203 729 264 748 statim
276 729 348 747 exaruit
357 735 422 747 manus
431 728 475 753 ejus.
495 729 520 748 Et
528 735 567 754 prae
575 730 607 748 do-

77 755 116 773 lore
131 754 187 778 coepit
202 754 248 772 flere
265 753 424 772 vehementissime
439 757 458 772 et
473 754 573 778 angustiari
588 757 607 773 et
613 763 625 773 n

78 779 157 798 clamare
166 782 185 797 et
193 779 259 800 dicere,
268 781 280 789 “
286 779 371 800 Domine,
380 781 400 797 tu
413 779 466 800 nosti,
480 779 524 803 quia
534 785 607 822 semper

77 807 96 822 te
105 804 164 825 timui,
173 807 192 822 et
200 810 265 822 omnes
273 810 363 828 pauperes
371 804 410 822 sine
417 804 524 828 acceptione
529 805 572 822 retri
587 810 607 822 u—

78 826 150 847 tionum
159 829 232 847 curavi:
246 829 268 847 de
277 828 332 847 vidua
340 831 359 846 et
366 828 449 853 orphana
457 829 502 847 nihil
511 829 579 853 accepi,
588 832 607 847 et

77 854 152 879 inopem
167 859 245 872 vacuum
259 859 271 872 a
284 859 313 872 me
327 859 422 877 nunquam
435 853 499 872 dimisi.
526 853 551 872 Et
562 860 606 872 ecce

76 879 142 897 misera
157 878 207 897 facta
223 884 263 896 sum
281 881 356 902 propter
373 878 520 896 incredulitatem
537 884 604 901 meam,
611 888 624 898 w

78 904 122 928 quia
130 909 176 922 ausa
184 903 210 921 fui
219 905 311 927 temptare
319 903 407 927 virginem
414 903 480 921 tuam.”
505 903 607 927 Quumque

78 929 119 947 haec
128 929 203 949 diceret,
212 928 297 952 apparuit
303 927 491 952 juxtuillamjuvenis
500 928 606 952 splendidus

78 954 141 972 dicens
154 953 177 973 ei.
190 952 282 972 “Accede
295 952 318 971 ad
331 952 421 971 infantem
433 955 452 971 et
463 952 520 971 adora
530 959 578 974 eum,
588 956 606 972 et

79 979 165 1003 continge
174 984 230 997 manu
239 981 283 996 tua:
297 981 316 996 et
328 978 365 1002 ipse
378 978 449 996 sanabit
460 984 508 997 earn.
516 978 560 1002 quia
568 978 606 1002 ipse

78 1007 106 1022 est
114 1003 194 1022 salvator
203 1003 259 1022 seculi
268 1006 287 1021 et
296 1003 379 1021 omnium
387 1003 500 1027 sperantium
509 1003 527 1021 in
537 1004 572 1021 se.¹¹
582 1003 606 1021 Et
612 1011 625 1020 ιι
