823 1277
161 99 193 114 20⁰
259 98 314 115 Coun
325 99 433 115 Aroe-nnus
444 98 487 115 Novi
498 99 606 115 'sunnin-1.

185 142 216 166 qui
226 142 353 161 custodierunt
361 145 503 161 monumentum
515 142 527 161 J
528 149 566 164 esu,
575 142 662 161 debemus
671 148 710 160 cre-

185 167 228 186 dere
244 167 347 186 dicentibus
363 168 422 189 nobis,
436 168 523 192 quoniam
540 167 616 192 angelus
632 167 709 186 revolvit

184 192 262 217 lapidem
272 192 295 211 de
307 193 354 212 ostio
367 193 496 211 monumenti?
508 193 590 211 Forsitan
604 192 645 211 haec
655 192 708 211 disci-

184 218 222 242 puli
229 218 268 242 ejus
276 218 362 237 dixerunt
370 218 402 240 eis,
410 221 429 236 et
435 218 526 237 dederunt
532 218 558 237 eis
566 218 652 243 pecuan
660 217 707 236 mul-

172 249 178 258 ·
185 246 218 264 tas,
228 246 248 261 ut
257 243 297 262 haec
303 243 385 262 dicei-ent
391 245 410 261 et
417 246 438 261 ut
446 243 526 262 sinerent
535 243 575 262 tolli
583 249 650 267 corpus
657 243 707 261 Jesu.

186 268 227 286 Hoc
236 268 307 290 scitote,
317 268 360 293 quia
369 274 406 287 uon
415 271 443 287 est
454 268 528 287 credere
536 268 641 292 alienigenis
650 268 708 286 ullum

185 293 267 315 verbum,
284 294 327 318 quia
343 296 362 312 et
379 300 390 312 a
407 293 459 312 nobis
476 296 587 318 acceperunt
611 293 706 317 pecuniam

185 318 283 347 cppiosatn,
292 322 311 337 et
324 318 425 337 secundum
435 318 485 342 quod
497 318 593 337 docuimus
602 324 634 337 eos
642 318 708 340 dicere,

184 343 209 362 sic
219 344 303 362 omnibus
312 343 403 362 dixerunt.
429 344 467 362 Aut
476 344 528 362 nobis
534 343 638 362 habuerunt
644 346 708 361 tenere

165 374 177 384 ¹·
183 368 246 390 fidem,
253 372 285 387 aut
291 369 383 393 discipulis
392 369 403 387 J
405 370 453 387 esu⁴

375 415 444 432 CAPUT
456 416 490 432 XV.

209 446 316 471 Exsurgens
324 452 368 465 vero
380 446 492 464 Nicodemus
500 446 552 468 dixit,
565 448 576 456 '⁴
582 446 640 465 Recte
649 446 708 470 loqui-

183 472 233 493 mini,
241 471 272 490 filii
283 471 344 490 Israel.
369 471 406 489 Vos
418 471 493 489 audistis
504 471 571 493 omnia,
580 477 622 495 quae
634 471 706 495 loquuti

183 499 226 515 sunt
242 500 279 515 tres
295 496 320 514 illi
333 496 365 514 viri
376 496 459 520 jurantes
471 497 490 515 in
507 496 547 520 lege
565 496 644 515 DominL
670 496 706 517 Qui

183 521 274 543 dixerunt,
283 521 365 540 Vidimus
372 521 436 540 Jesum
444 521 551 545 loquentem
564 527 607 540 cum
615 521 707 546 discipulis

165 547 220 565 „suis
229 552 283 571 super
295 549 377 565 muntem
391 546 464 568 Oliveti,
473 549 492 565 et
505 546 581 565 vidimus
593 553 635 565 eum
645 553 709 565 ascen—

184 571 257 590 dentem
267 572 285 590 in
299 571 372 590 coelum.
398 572 423 589 Et
436 571 490 590 docet
503 578 537 590 nos
550 572 648 596 Scriptura,
657 571 707 596 quod

182 597 247 615 beatus
256 597 305 615 Elias
314 597 404 621 propheta
412 599 504 615 assumtus
513 600 547 618 est,
556 600 575 615 et
583 597 705 621 interrogatus

183 622 274 641 Helisaeus
288 628 300 641 a
312 622 354 641 filiis
365 621 503 646 prophetarum,
512 622 548 640 Ubi
561 624 589 640 est
599 625 651 646 pater
664 628 706 640 nos-

182 650 211 666 ter
220 647 284 666 Elia-s?
301 647 348 666 dixit
358 647 389 669 ein,
399 647 442 671 quia
455 650 546 665 assumtus
560 649 593 665 est.
623 647 648 666 Et
656 647 707 665 dixe—

164 675 225 692 nrunt
238 672 271 691 filii
284 672 415 697 prophetarum
428 672 451 690 ad
468 678 521 693 eum3
538 672 621 690 Forsitan
634 672 707 697 spiritus

182 698 233 716 illum
247 698 313 722 rapuit,
328 700 347 716 et
361 697 423 722 posuit
437 697 489 716 illum
504 697 522 715 in
535 697 629 716 montibus
644 697 706 716 Israel.

183 723 218 741 Sed
239 722 326 747 eligamus
346 723 394 741 viros
415 722 515 744 nobiscum,
532 725 551 740 et
572 722 706 741 circumeuntes

183 750 255 766 montes
265 747 321 766 Israel
330 747 406 766 forsitan
413 747 526 766 inveniemus
535 753 584 766 eum.
610 748 634 765 Et
643 747 707 771 depre-

184 773 219 791 cati
231 777 274 791 sunt
286 772 393 794 Helisaeum,
402 775 421 790 et
432 772 532 791 ambulavit
545 779 587 791 curn
600 772 635 791 illis
648 772 706 791 tribus

166 802 178 812 ¹¹
185 798 254 820 diebus
267 800 286 816 et
299 804 336 816 non
349 798 460 816 invenerunt
472 803 520 816 eum
546 798 571 816 Et
584 804 633 816 nunc
646 797 707 816 audite

184 829 220 845 me,
228 812 261 842 filii
270 822 340 841 Israel:
353 825 372 841 et
381 823 475 841 mittamus
483 823 531 841 viros
539 823 558 841 in
567 826 640 841 montes
649 822 708 841 Israel

184 854 208 867 ne
216 848 264 867 forte
273 848 354 873 rapuerit
365 848 442 873 Spiritus
453 848 530 869 Jesum;
544 850 563 866 et
574 848 663 866 forsitan
658 854 708 866 inve-

184 874 255 892 niemus
264 880 312 895 eum,
321 876 340 892 et
348 879 424 898 agemus
435 874 577 898 poenitentiam?
602 873 626 892 Et
638 872 707 902 placuit

185 900 234 918 omni
252 899 321 924 populo
338 898 434 917 eonsilium
452 898 560 919 Nicodemi;
583 901 602 916 et
618 898 708 916 miserunt

165 928 178 938 ³⁰
185 924 238 946 viros,
247 928 266 943 et
275 926 378 948 quaerentes
385 929 423 942 non
430 924 540 942 invenerunt
546 923 557 941 J
559 929 616 945 esum
623 926 642 941 et
648 929 709 942 rever-

183 950 197 968 si
207 949 312 971 dixerunt,¹
313 948 484 967 'Circumeuntibus
495 949 547 967 nobis
556 954 593 967 non
606 948 708 967 invenimus

184 974 194 993 J
197 980 254 996 esum.
261 974 306 993 sed*
302 974 404 993 invenimus
411 974 422 992 J
424 974 492 998 oseph
487 980 506 992 in
515 974 588 992 civitate
597 980 631 992 sua
638 974 708 992 Arima-

184 999 236 1018 thia?
269 999 316 1018 Haec
328 999 423 1018 audientes
434 999 524 1024 principes
536 1001 555 1017 et
567 1005 631 1018 omnes
645 998 708 1023 populi
