823 1277
216 132 253 143 χιιι.
264 128 322 144 Auum
334 127 378 144 Hm.
390 128 498 144 Arosmucfl.
601 129 633 145 28³

84 170 143 191 nobis,
156 170 199 194 quia
211 170 279 194 ubique
293 170 309 188 ei
322 170 469 188 contradicitur.”
495 170 554 194 Igitur
566 176 611 189 con-

84 195 149 213 stituto
162 194 192 213 die
204 197 294 213 venerunt
305 194 329 213 ad
341 200 383 213 eum
406 194 467 213 lurirni
479 195 497 213 in
510 195 609 219 hospitium

85 225 108 237 ex
123 219 204 237 Judaeis.
230 219 302 239 Quibus
323 225 396 244 expone
409 222 429 237 at
449 219 480 237 ille
501 220 610 244 Scripturas,

84 243 185 262 testificans
202 250 279 268 regnum
298 244 338 265 Dei,
353 244 469 268 suadensque
486 244 512 262 eis
529 250 552 262 ex
569 244 611 269 lege

86 268 147 292 Moysi
161 271 180 286 et
192 268 294 293 Prophetis,
310 274 321 286 a
336 274 389 287 mane
405 275 463 293 usque
477 269 501 287 ad
516 275 538 287 ve
561 275 611 287 eram
623 276 631 285 ι

84 293 168 311 docebat.
193 293 230 311 Sed
237 299 295 317 quum
300 299 338 311 non
344 299 408 312 omnes
415 294 511 312 crederent
516 293 534 312 in
552 299 612 315 esum,

84 317 131 336 dixit
146 318 214 336 Paulus
227 318 250 336 ad
264 324 302 339 eos,
315 318 410 342 “Spiritus
423 319 502 337 Sanctus
515 321 565 337 recte
578 325 612 343 per

85 343 158 361 Esaiam
171 343 260 367 loquutus
273 345 306 364 est,
318 343 368 361 Vade
381 343 404 361 ad
417 343 506 385 populum
519 343 581 364 istum,
592 346 612 362 et

85 367 141 388 dicas,
150 368 199 385 Aure
211 367 294 389 audietis,
303 369 322 385 et
333 373 371 385 non
383 368 421 385 inte
428 368 493 392 ligetis,
502 370 520 386 et
529 368 611 386 videntes

85 392 175 413 videbitis,
184 394 203 410 et
211 398 248 410 non
260 392 343 416 poteritis
351 392 460 416 perspicere.
486 393 611 411 Incrassatum
618 400 631 409 w

85 419 113 435 est
121 417 171 435 enirn
178 422 211 435 cor
219 417 281 441 populi
291 417 352 441 hujus,
358 419 377 435 et
384 417 449 435 oculos
457 420 612 441 compresserunt,

85 447 109 460 ne
117 441 166 460 forte
175 441 248 459 videant
260 441 324 463 oculis,
332 444 351 460 et
359 442 434 460 auribus
445 442 520 460 audiant
528 444 548 460 et
556 442 612 460 corde

85 466 194 490 intelligant,
203 468 223 484 et
231 468 368 488 convertantur,
376 469 396 485 et
404 472 468 485 sanem
477 473 515 485 eos.
541 467 613 485 Notum

86 497 130 515 ergo
137 491 192 515 cupio
200 497 240 509 esse
250 491 308 513 vobis,
316 493 336 509 et
346 491 432 515 gentibus
443 491 518 510 missum
527 497 567 510 esse
576 491 612 510 hoc

86 516 165 534 salutare
180 516 215 534 Dei
230 518 249 534 et
261 516 311 540 ipsos
326 516 349 534 ab
364 516 442 534 salutem
459 517 562 535 venturos!¹
588 516 613 535 Et
620 523 631 533 u

86 546 143 564 quum
156 540 198 558 hoec
209 540 290 562 dixisset,
299 541 383 559 exierunt
391 541 415 559 ab
426 547 449 559 eo
461 540 528 562 Judaei,
536 547 555 559 ru

84 565 132 583 inter
149 571 169 583 se
189 565 335 583 concertationes
355 565 451 589 agitantes.
486 566 529 590 lpse
549 568 613 584 autem

86 589 154 608 Paulus
162 590 229 608 mansit
238 590 304 608 Romae
313 592 353 608 toto
362 590 394 608 illo
402 590 482 612 biennio,
490 590 509 608 in
520 590 613 608 conducto

86 620 126 636 suo,
139 616 158 632 et
173 614 282 639 suscipiebat
298 620 362 633 omnes
375 615 407 638 qui
423 615 573 639 ingrediebantur
589 614 614 633 ad

86 645 135 660 eum,
147 639 249 663 prmdicaus
261 645 339 663 regnum
351 639 392 660 Dei,
403 642 422 657 et
434 639 502 658 docens
515 645 558 663 quae
570 642 633 658 sunta

88 664 111 682 de
125 664 205 682 Domino
218 664 263 682 Jesu
277 664 357 685 Christo,
369 669 413 682 cum
426 664 476 682 omui
489 663 564 685 fiducia,
576 664 615 682 sine

86 689 111 706 im
136 689 223 707 dimento.

129 713 156 731 11.
170 713 217 731 Haec
227 713 272 731 dum
281 713 347 732 Romae
355 714 371 732 A
385 713 455 732 ostolus
463 713 538 736 faceret,
544 714 616 733 interea

86 738 136 762 apud
145 738 239 756 Neronem
248 738 341 756 Caesarem
350 738 373 756 de
382 741 439 760 ertur,
448 739 498 763 quod
507 744 545 757 non
553 739 614 758 solum

88 768 155 781 novam
169 763 317 787 superstitionem
329 763 430 785 inveheret,
438 769 502 782 verum
514 763 570 783 etiam
583 764 614 782 ad—
621 771 633 782 u

86 793 150 806 versus
162 788 259 812 imperium
275 788 373 806 seditiones
388 788 482 806 exdmret.
508 788 613 807 Accersitus

86 812 90 816 “
105 812 147 833 ‘tur¹
167 815 186 830 et
206 812 329 837 interrogatus
349 819 360 831 a
380 813 462 834 Nerone,
481 816 502 831 ut
523 814 613 832 rationem

100 837 176 855 octrinae
185 842 224 855 suae
232 837 324 858 redderet,
331 837 358 855 ita
366 843 428 855 coram
440 838 513 856 Caesare
525 838 614 862 loquutus

86 864 119 883 est,
133 863 145 871 '‘
153 861 181 879 De
194 861 278 880 doctrina.
291 861 365 886 quidem
381 862 465 886 Magistri
480 862 522 884 mei,
537 863 560 881 de
576 869 614 887 qua

85 886 204 910 interrogasti
219 892 255 907 me,
268 892 305 904 non
319 892 359 904 earn
373 887 454 911 capiunt,
466 887 499 905 nisi
513 888 544 911 qui
557 887 633 906 fidemne

86 910 157 929 mundo
166 913 242 935 pectore
251 910 372 929 adhibuerint.
398 911 447 932 Quae
455 912 503 930 enim
513 912 563 935 pacis
572 915 616 930 sunt

86 937 106 953 et
118 935 204 957 caritatis,
213 935 274 957 docui,
283 938 302 954 et
314 942 347 960 per
359 936 455 954 circuitum
465 936 488 954 ab
500 937 616 955 Hierusalem

87 966 147 984 usque
159 960 178 978 in
191 960 285 985 Illyricum
298 961 366 985 replevi
380 961 456 979 verbum
470 962 525 985 pacis.
552 962 617 983 Docui,

87 988 109 1003 ut
118 985 196 1003 invicem
205 992 225 1003 se
234 985 305 1004 honore
317 986 436 1010 praeveniant.
463 986 522 1004 Docui
531 986 617 1005 sublimes

87 1013 106 1029 et
120 1009 192 1031 divites,
204 1016 224 1028 se
238 1016 275 1028 non
289 1010 384 1032 extollere,
397 1013 417 1029 et
429 1016 503 1035 sperare
515 1011 533 1029 in
547 1011 637 1030 incertou
