823 1277
203 138 239 149 xm.
253 134 309 149 Aaou
321 133 365 149 Hm.
378 134 485 152 Arosromcm,
498 133 522 149 lib.
535 134 549 149 7.
622 134 652 149 407

99 175 138 196 bat,
147 175 191 199 quid
200 175 256 193 modo
265 175 357 193 facturum
366 178 427 200 putas,
436 176 466 193 ubi
478 181 555 199 regnum
563 176 601 199 jam
610 176 629 193 in

101 201 184 218 nranibus
205 200 261 218 habet
268 201 289 218 1”
311 200 360 218 Tum
377 200 478 224 apostolus,
497 200 628 218 confidentiam

101 225 171 243 habens
176 225 194 243 in
201 225 300 244 Dominum
306 231 366 247 suum,
371 228 389 243 et
395 225 439 243 nihil
444 225 517 249 penitus
524 225 627 249 Hyrtacuin

102 250 195 268 metuebat
204 257 208 268 z
222 252 241 268 et
247 250 344 274 imponens
350 250 432 268 velamen
438 256 493 274 super
498 253 554 274 caput
559 250 605 274 ejus,
610 254 629 268 et

101 281 157 299 supm
169 275 230 299 capitu
241 275 323 293 oninium
336 275 425 299 virginum
435 281 477 299 quae
488 281 530 293 cum
539 281 561 293 ea
570 278 628 296 erant,
636 278 641 285 ³

102 300 149 318 hanc
165 300 311 318 benedictionem
327 300 379 322 dixit,
392 300 461 318 “Deus
473 300 574 324 plasmator
588 306 629 318 cor-

101 331 173 349 porum,
187 324 263 343 afflator
280 325 389 346 animarum,
403 325 434 349 qui
449 331 543 349 nunquam
559 325 629 349 spernis

101 352 181 371 aetatem,
195 356 232 368 non
246 355 311 368 sexum
325 349 419 374 reprobas¹
432 355 470 368 non
484 349 539 368 ullam
553 349 630 368 conditi-

88 385 90 387 >
99 380 154 393 onem
175 375 234 399 gratia
252 377 285 393 tua
305 374 357 393 ducis
375 374 474 399 indignam,
493 374 526 392 sed
544 375 627 393 omnium

99 399 177 424 aequalis
189 402 261 418 creator
272 405 291 417 es
303 402 322 418 et
333 399 452 423 redemptor:
470 401 490 417 tu
503 399 536 417 has
549 399 628 417 famulas
636 402 647 409 '¹'

100 428 147 446 tuas,
161 430 207 448 quus
221 430 244 442 ex
261 425 311 442 omni
326 428 404 442 numero
419 424 479 448 gregis
492 425 552 442 bonus
565 427 629 448 pastor

102 449 175 473 eligere,
184 452 240 473 atquc
249 449 271 467 ad
281 449 426 467 conservandam
438 455 525 469 coronam
534 452 629 473 perpetuae

101 474 215 498 virginitatis,
221 474 346 492 castimoniam
354 480 462 492 conservare
469 474 536 492 animae
543 474 629 498 dignatus

88 505 91 506 ⁷
103 505 129 520 es,
137 502 175 517 tuae
188 499 306 523 protectionis
317 502 370 517 scuto
382 499 505 523 circumtege:
519 502 539 517 ut
551 505 597 523 quas
606 498 629 517 ad

103 530 157 542 omne
167 530 214 548 opus
226 524 296 542 virtutis
305 527 324 542 et
332 524 401 548 gloriae,
410 524 529 548 magistrante
540 524 629 548 sapientia
637 526 648 534 '¹

103 549 217 573 praeparasti,
229 551 248 567 et
259 549 352 567 vincentes
366 549 425 567 carnis
437 549 538 570 illecebras,
550 552 569 567 et
581 549 630 567 licita

102 574 194 592 connubia
209 577 321 595 recusantes,
336 574 452 592 insolubilem
467 574 500 592 filii
515 574 541 592 tui
556 573 630 591 Domini

102 599 159 616 nostri
168 598 179 616 J
181 604 214 616 esu
223 598 290 617 Christi
300 599 385 623 copulam
398 601 508 617 mereantur.
536 598 576 620 His,
585 598 630 622 peti-

103 629 151 645 mus,
167 623 252 645 Domine,
268 629 320 642 arma
336 629 429 648 suggeras,
443 629 480 642 non
498 623 583 645 carnalia,
597 623 630 641 sed

101 649 178 673 Spiritus
194 649 261 666 virtute
278 649 367 673 potentia,
381 651 402 666 ut
418 651 436 666 te
454 649 547 667 muniente
565 651 648 666 earum¹'

102 679 167 691 sensus
182 676 200 692 et
216 673 305 694 membra,
318 674 336 691 in
351 679 414 691 eurum
430 679 507 697 corpore
521 679 559 691 non
573 673 630 698 possit

102 698 192 716 dominari
205 700 315 722 peccatum:
333 700 389 722 atque
402 698 436 716 sub
450 701 482 716 tua
497 698 555 723 gratia
570 698 630 716 vivere

103 723 224 747 cupientibus,
232 723 276 741 nihil
285 723 317 741 sibi
325 723 411 741 defensor
418 723 514 745 malorum,
522 726 541 741 et
547 723 631 741 inimicus

102 748 199 769 bonorum,
208 748 232 766 de
244 748 271 766 his
284 748 331 766 vasis
340 748 379 772 jam
392 750 425 766 tuo
437 748 506 766 nomini
519 748 630 766 consecratis

102 773 202 797 praevaleat
224 772 320 791 vindicare.
352 773 431 791 Omnem
453 773 507 791 etiarn
529 773 630 797 genuinum
637 775 649 783 ¹²

103 798 183 816 calorem
191 798 250 816 imber
256 798 320 822 gratiae
326 801 364 816 tuae
371 798 451 816 coelestis
458 799 560 823 extinguat,
566 798 630 816 lumen

103 829 146 841 vero
154 825 250 847 perpetuae
256 823 343 841 castitatis
351 823 445 841 accendat.
471 823 533 841 Facies
540 823 629 841 scandalis

104 847 171 872 pudica
177 853 215 865 non
223 850 291 872 pateat,
298 854 332 866 nec
340 848 418 866 incautis
425 848 540 866 occasionem
550 848 631 872 praebeat

106 872 217 897 negligentia
222 872 346 897 delinquendi,
353 873 413 896 sitque
418 873 436 891 in
443 873 469 891 eis
474 876 528 891 cauta
534 872 632 897 virginitas,

104 900 123 916 et
132 900 197 916 omata
208 897 282 922 pariter,
291 902 311 916 et
322 900 393 916 armata
401 897 438 916 fide
449 898 526 922 integra,
535 904 567 922 spe
576 900 633 919 certa,
640 900 652 907 ¹·

105 925 124 940 et
136 922 225 941 charitate
237 922 320 941 sincera:
334 926 354 941 ut
366 923 472 947 praeparatis
483 923 548 941 animis
556 923 580 941 ad
589 928 633 941 con-

105 947 200 965 tinentiam
221 948 278 966 virtus
298 950 350 966 tanta
371 950 474 972 praestetur,
495 954 537 972 quae
558 950 633 972 superet

106 972 174 990 diaboli
193 972 278 990 universa
296 972 396 997 figmenta:
415 974 477 996 atque,
496 972 632 991 contemnendo

105 997 209 1021 praesentia,
214 996 278 1015 futura
285 1000 384 1019 sectentur,
389 997 460 1021 jejunia
466 998 524 1022 epulis
530 997 633 1016 carnalibus

105 1021 211 1046 praeferant,
224 1025 243 1040 et
257 1022 344 1041 lectiones
360 1028 420 1040 sacras
435 1023 521 1041 conviviis
535 1026 554 1041 et
567 1022 634 1047 potati-
640 1024 652 1032 ¹¹
