823 1277
185 121 217 137 :³32
283 121 338 138 Coun
349 122 456 138 Arocnn’uus
467 121 511 138 Non
521 121 628 138 Tmumx.

209 165 252 186 lem,
267 167 287 183 et
300 165 335 183 hoc
351 164 391 189 ejus
405 164 478 189 signum
493 165 538 183 erit:
557 165 655 183 Coecorum
671 165 737 183 oeulos

210 189 285 213 aperiet,
292 189 350 207 surdis
359 189 423 207 reddet
433 189 522 211 auditum,
529 192 548 207 et
555 195 600 208 voce
607 195 641 208 sun
649 190 738 208 excitabit

210 216 299 232 mortuos⁴
325 214 411 232 Ezechiel
423 214 473 232 hune
486 214 541 232 etiam
558 214 648 238 designat,
660 214 737 233 dicens:

210 238 276 256 Veniet
288 244 321 256 rex
335 241 378 256 tuus
391 238 442 260 Sion,
456 239 506 256 venit
519 239 598 260 humilis,
613 241 632 257 et
646 241 737 257 restaurat

200 265 237 281 ¹2e.
264 263 330 281 Daniel
347 269 421 287 quoque
438 263 494 281 dicit:
518 263 570 281 Sicut
586 263 635 281 filius
652 263 738 285 hominis,

210 287 235 305 ita
246 287 337 309 adveniet,
346 290 365 306 et
373 287 412 311 ipse
424 287 513 305 obtinebit
537 288 636 312 rincipatus
645 290 664 306 et
673 291 737 312 potes—

210 314 263 330 tates.
289 312 376 330 Praedixit
388 312 437 330 hunc
446 314 465 330 et
475 294 536 330 Davig
541 319 545 330 :
560 312 649 331 Dominus
658 312 704 331 dixit
712 313 736 331 ad

210 343 246 358 me,
252 336 301 355 filius
310 343 362 355 meus
369 343 388 355 es
397 340 423 355 tu.
450 337 474 355 Et
483 337 541 355 Patris
551 343 586 355 vox
593 337 616 355 de
625 337 671 355 Filio
677 337 735 356 dixit:

212 361 254 385 Ipse
262 361 355 380 invocabit
363 367 399 383 me,
408 361 463 379 Pater
474 367 526 379 meus
535 368 554 380 es
563 364 590 383 tu,
599 364 618 379 et
626 368 661 386 ego
669 362 738 386 primo-

193 389 204 396 ¹'
211 386 294 410 genitum
306 392 374 410 ponam
386 386 438 404 illum
450 386 544 404 excelsum
556 386 605 410 apud
613 392 666 410 reges
676 388 736 405 terrae.

211 411 236 429 Et
250 410 330 428 iterum:
349 410 377 428 De
393 410 456 428 fructu
472 411 539 429 ventris
554 411 581 429 tui
595 417 664 435 ponam
681 417 737 435 supra

210 434 273 453 sedem
280 441 345 453 meam
371 435 420 455 Quin
428 437 447 453 et
453 435 556 459 passionem
564 435 603 459 ejus
609 435 736 460 praedixerunt

211 459 320 483 Prophetae;
340 459 403 477 Esaias
417 460 466 477 enim
481 459 536 478 dicit:
553 460 605 478 Sicut
618 460 656 478 ovis
669 460 693 478 ad
706 466 738 478 oe-

211 484 299 502 cisionem
313 484 380 502 ductus
395 486 428 502 est.
454 484 478 502 Et
494 484 554 502 David
569 484 587 502 in
602 490 681 509 persona
697 484 738 508 ejus

193 511 205 519 ¹·
212 508 267 526 dicit:
292 508 386 526 Foderunt
407 514 473 527 manus
494 514 545 527 meas
565 511 584 527 et
603 509 660 533 pedes
679 515 737 531 meos,

211 533 373 551 dinumeraverunt
384 533 446 551 omnia
459 539 501 551 ossa
511 539 558 551 mea.
587 534 595 551 1
610 533 625 551 si
637 539 680 552 vero
692 539 738 552 con-

211 557 337 575 sideraverunt
350 560 369 575 et
380 557 501 582 inspexerunt
511 558 530 576 in
542 564 578 579 me,
604 558 691 576 iviserunt
703 558 737 576 sibi

211 582 320 600 vestimenta
333 588 380 603 mea,
393 584 413 600 et
425 588 480 606 super
493 585 562 600 vestem
575 588 636 600 meam
648 583 738 601 miserunt

211 608 285 625 sortem.
311 607 335 624 Et
340 606 376 625 alio
383 606 425 624 loco
432 606 491 625 David
498 607 533 625 ait:
548 607 643 625 Dederunt
649 607 668 625 in
674 613 736 625 escam

193 633 272 649 ”meam
288 630 319 652 iel,
333 633 352 649 et
367 631 385 649 in
401 631 429 649 siti
447 637 488 649 mea
502 633 613 655 potaverunt
630 638 659 650 me
677 634 736 650 aceto.

212 656 237 674 Et
249 656 316 674 iterum
330 655 353 674 de
366 659 426 674 morte
441 656 480 680 ejus
493 656 612 674 vaticinatus:
633 656 681 674 Caro
696 662 738 674 mea

212 680 315 704 requiescet
330 680 349 698 in
369 686 407 704 spe,
424 680 511 704 quoniam
530 686 568 699 non
586 680 701 704 derelinques
718 680 737 699 in

211 704 283 723 inferno
298 705 377 723 animam
391 711 458 726 meam,
471 711 504 723 neo
518 705 569 723 dabis
582 705 669 723 Sanctum
683 708 736 723 tuum

212 729 273 747 videre
285 730 427 753 corruptionem.
452 729 494 747 Vox
505 732 567 748 autem
579 730 617 748 Filii
626 729 651 748 ad
663 730 738 748 Patrem

194 756 206 764 '¹
214 753 269 772 dicit:
283 754 386 777 Exsurgam
392 753 551 776 adhuc‚ettecum
557 760 603 772 sum.
629 754 737 772 Etiterurn:

213 778 290 802 Propter
303 778 393 797 miseriam
404 779 487 802 inopum,
499 781 518 796 et
529 779 618 803 gemitum
654 785 739 803 uperum,

213 808 262 821 nunc
277 809 375 826 exsurgam
392 803 438 821 dixit
453 803 548 821 Dominus.
575 803 603 821 De
651 803 738 821 censione

212 830 302 855 praeterea
314 827 362 845 illius
373 827 442 845 dictum
454 830 483 846 est
493 833 505 845 a
516 827 620 851 Propheta:
638 827 739 846 Adscendit

213 857 232 870 m
241 851 305 873 altum,
312 852 402 876 captivam
411 851 465 870 duxit
473 852 603 876 captivitatem.
629 852 654 870 Et
660 852 737 870 iterum:

195 879 207 887 ⁵·
214 876 304 894 Ascendit
320 877 370 895 Deus
386 876 405 894 in
420 876 534 900 jubilatione.
561 876 585 894 Et
604 882 678 895 rmus:
700 876 739 894 Ad-

213 901 285 919 sceudit
299 907 354 925 super
368 900 475 921 Cherubim,
488 905 507 919 et
523 901 595 919 volavit.
622 901 670 919 Item
683 901 739 919 Anna

213 928 272 944 mater
281 925 342 944 Sancti
351 925 440 943 Samuelin
449 925 492 943 dicit
500 932 504 943 z
519 925 609 944 Dominus
616 925 711 944 adscendit
719 926 739 943 in

213 950 277 972 coelos,
286 953 305 968 et
313 952 371 968 tonat.
397 950 423 968 Et
431 950 490 968 multa·
497 950 533 968 alia
541 950 659 968 inveniuntur
667 950 687 968 in
695 950 737 974 lege

214 975 237 993 de
245 974 364 993 adscensione
372 974 412 999 ejus
424 975 533 993 testimonia
559 975 608 993 Nam
617 975 668 998 quod
676 975 740 993 sedeat

195 999 237 1017 ”ad
259 999 343 1018 dextram
363 999 428 1021 Patris>
446 999 495 1017 idem
516 999 577 1017 David
596 999 668 1023 inquit:
691 999 740 1018 Dicit
