823 1277
173 97 204 114 184
269 97 324 114 Coun
335 98 441 114 Apoonmus
452 97 495 114 Now
507 96 612 113 'tmuium-1.

198 141 228 162 ris,
237 140 350 165 imperatoris
359 140 491 162 Romanorum,
500 142 519 158 et
531 139 610 158 Herodis
618 139 651 158 filii
660 139 720 159 Hero-

198 166 226 184 dis
238 166 352 190 imperatoris
362 165 449 187 Galilaeae,
459 171 508 183 anno
519 165 596 183 XVIIII
608 165 719 189 principatus

198 191 243 215 ejus,
259 190 307 209 VIII
325 190 415 209 Calendas
428 190 505 215 Apriles,
518 190 568 214 quod
581 193 609 208 est
621 190 673 208 XXV
690 190 719 209 die

197 216 264 234 mensis
270 216 338 237 Martii,
345 216 441 234 consulatu
451 215 512 234 Rufini
519 219 538 234 et
545 215 663 237 Rubellionis,
669 222 718 234 anno

184 244 263 266 aquai-to
286 241 416 259 ducentesimae
438 241 523 259 secundoe
547 240 666 265 Olympiadis,
684 241 718 259 sub

196 266 298 291 principatu
312 266 428 285 sacerdotum
441 266 452 284 J
455 266 549 284 udaeorum
562 265 632 290 Joseph
646 268 665 284 et
677 266 719 284 Cai-

209 291 238 310 hae
247 297 251 309 z
265 294 284 310 et
292 294 361 315 quanta
368 294 410 316 post
424 297 496 310 crucem
506 294 524 309 et
532 291 635 315 passionem
644 291 718 309 Domini

196 297 301 335 gistoriatus
310 319 337 335 est
347 316 459 335 Nicodemus
468 319 509 334 acta
518 322 529 334 a
542 316 652 340 principibus
660 322 719 334 sacer-

196 342 260 360 dotum
274 344 294 360 et
307 341 380 365 reliquis
394 341 470 363 Judaeis,
483 341 577 360 mandavit
588 341 626 366 ipse
639 341 718 359 Nicode—

178 373 190 383 ιι
196 373 237 385 mus
245 367 309 385 litteris
317 366 419 385 Hebraicis.

410 413 478 430 CAPUT
490 413 502 430 1.

219 444 282 463 Annas
291 447 309 463 et
318 444 397 469 Caiphas
406 447 425 462 et
433 444 523 466 Summas,
533 443 612 466 Dathain,
621 444 716 467 Gamaliel,

194 469 258 491 sudas,
271 469 321 491 Levi,
336 469 461 494 Nephtbalim,
475 469 580 487 Alexander
593 472 612 487 et
626 470 682 494 Syrus
697 473 716 488 et

194 494 259 519 reliqui
272 494 284 513 J
285 494 379 513 udaeorum
394 497 483 513 venerunt
497 494 520 512 ad
537 494 615 513 Pilatum
630 494 716 513 adversus

195 519 265 541 Jesum,
273 522 379 538 accusantes
390 525 433 537 eum
444 519 467 538 de
480 519 542 538 multis
553 519 654 538 actionibus
664 520 716 538 malis

176 550 188 560 ¹⁵
195 547 214 563 et
222 544 308 566 diceutes,
317 547 330 555 ‘¹
338 545 396 563 Istum
405 544 490 563 novimus
497 544 565 569 ‚Ioseph
571 544 617 563 fabri
625 544 682 563 filium
692 545 716 564 de

195 570 254 588 Maria
262 572 332 592 natum,
340 572 359 588 et
369 570 413 588 dicit
421 576 440 588 se
452 576 491 588 esse
502 569 560 588 filium
570 570 603 588 Dei
615 572 633 588 et
641 576 715 594 regem:

194 601 231 613 non
240 595 300 613 solum
309 595 350 617 hoc,
357 595 389 613 sed
397 598 416 613 et
425 595 520 613 sabbatum
529 594 585 613 violat
593 597 612 613 et
620 598 714 619 paternam

193 620 253 645 legem
270 623 352 639 nostram
368 620 408 638 vult
425 620 538 638 dissolvere.”
572 620 620 638 Dicit
640 620 714 643 Pilatus,

193 646 258 666 “Quae
267 648 315 667 sunt,
325 652 367 670 quae
376 646 414 670 agit
427 648 446 664 et
458 645 498 664 vult
509 645 608 664 solvere'i’'
621 645 690 664 Dicunt
699 646 714 665 ei

174 676 187 686 ὐ
193 670 204 688 J
206 670 259 693 udaei,
274 673 286 681 “
292 671 360 695 Legem
374 670 462 689 habemus
477 670 495 689 in
511 670 586 689 sabbato
599 676 637 689 non
651 677 714 690 curare

193 695 279 720 aliquem,
289 696 323 714 iste
337 698 398 714 autem
411 696 486 714 claudos
504 698 523 714 et
536 696 606 717 surdos,
618 702 683 714 curvos
696 699 715 715 et

193 721 309 745 paralyticos,
319 727 379 739 coecos
388 723 407 739 et
415 721 496 745 leprosos
505 723 524 739 et
533 721 654 739 daemuniacos
664 727 715 740 cura-

193 746 220 764 vit
228 746 246 764 in
256 746 331 764 sabbato
340 746 362 764 de
371 746 423 764 malis
432 745 517 764 actibus?
543 746 590 764 Dicit
599 746 624 764 eis
632 746 713 767 Pilatum

194 773 207 781 ‘¹
213 771 275 791 Quare
284 771 372 790 malarum
381 771 474 789 actionum
482 771 504 789 2¹¹
517 771 585 789 Dicunt
594 771 616 792 ei,
624 773 636 781 “
642 770 714 790 Malefi-

175 802 187 812 ιι
194 802 227 814 cus
236 798 263 814 est
272 799 291 815 et
298 797 317 815 in
326 796 406 821 principe
413 796 546 814 daemoniorum
554 796 657 815 Beelzebub
666 796 715 820 ejicit

194 821 291 843 daemonia,
300 824 319 840 et
328 821 389 839 omnia
397 821 414 840 ei
423 821 505 845 subjecta
513 824 562 839 sunt.
587 821 656 840 Pilatus
665 821 714 843 dicit,

194 849 205 857 ‘¹
213 846 266 865 Istud
277 853 313 865 non
325 849 353 865 est
361 846 380 865 in
394 846 458 871 spiritu
470 846 564 865 immundo
573 846 638 870 ejicere
647 847 715 865 daemo-

193 872 229 894 nia,
244 872 276 890 sed
292 872 311 890 in
327 871 360 890 Dei
374 871 455 890 virtute?
487 871 556 890 Dicunt
573 871 583 890 J
586 871 633 890 udaei
649 871 714 894 Pilato,

193 899 205 907 ‘¹
212 897 305 921 Rogamus
321 896 466 921 magnitudinem
483 899 539 919 tuam,
555 900 575 915 ut
592 903 634 915 eum
648 897 714 921 jubeas

174 928 187 938 ιι
194 922 265 941 adstare
274 925 316 940 ante
325 925 377 940 tuum
386 922 465 941 tribunal
473 925 492 940 et
500 922 557 941 audiri
567 923 623 940 eum.”
653 922 715 941 Advo-

193 953 236 966 cans
244 950 306 965 autern
315 947 383 966 Pilatus
392 953 485 966 cursorem
494 947 537 966 dicit
545 948 568 969 ei,
576 950 588 958 ¹¹
595 948 642 966 Cum
651 947 714 966 mode—

192 972 262 991 ratione
270 972 326 991 modo
338 972 439 991 adducatur
450 972 461 990 J
463 973 519 991 esus.”
544 973 613 991 Exiens
622 979 665 991 vero
674 979 714 991 cur-

192 1003 222 1016 sor
230 1000 249 1016 et
261 1003 363 1022 agnoscens
375 1003 418 1016 eum
431 997 519 1019 adoravit,
527 1000 546 1016 et
558 997 631 1016 faciale
643 998 715 1016 involu-
