823 1277
189 115 220 131 202
284 115 339 131 Coun
350 116 456 132 Amenanus
466 115 510 132 Novi
521 115 627 132 'smmum-1.

208 157 303 177 cludentes
320 161 339 177 te
356 159 375 178 in
392 159 477 177 cubiculo
494 165 531 178 non
548 159 651 178 invenimus
672 161 697 181 te,
714 161 734 177 et

208 183 291 202 admirati
303 190 366 203 sumus
378 184 438 206 nimis,
447 187 466 203 et
474 190 530 209 pavor
541 191 576 203 nos
587 184 733 209 comprehendit,

208 215 267 233 usque
276 208 320 227 dum
330 212 348 228 te
354 210 466 234 suscepimus
473 212 588 234 praesentem.
614 209 682 228 Coram
693 210 734 228 Deo

209 240 252 258 ergo
258 234 355 253 manifesta
360 235 419 257 nobis,
426 235 476 259 quod
481 235 551 253 factum
557 238 590 253 est.
613 235 734 259 Respondens

190 265 197 275 ι
209 258 279 284 Joseph
292 259 344 281 dixit,
354 260 452 280 “Quando
465 266 495 278 me
508 260 607 279 reclusistis
621 260 640 278 iu
652 260 681 278 die
693 266 735 285 pm·-

209 290 276 303 asceue
289 284 312 303 ad
324 290 427 310 vesperum,
439 285 483 303 dum
497 287 564 303 starem
576 285 593 303 in
608 285 696 307 oratione,
705 285 734 304 die

210 309 286 328 sabbato
294 310 355 328 medis.
362 313 417 329 nocte
426 316 514 335 suspensa
524 313 552 328 est
560 310 626 328 domus
635 316 646 328 a
654 313 734 334 quatuor

210 334 286 359 angulis.
313 335 338 354 Et
352 335 388 353 vidi
402 335 466 354 Jesum
481 336 528 354 sicut
543 335 633 359 fulgorem
648 335 700 357 lucis,
715 338 734 354 et

210 365 249 384 ptae
260 360 326 378 timore
338 360 395 379 cecidi
403 360 422 378 in
434 363 506 379 tei-rami
532 360 587 379 Jesus
598 363 659 379 autem
669 362 734 379 tenens

193 390 205 400 ι·
212 390 287 403 manum
295 391 355 404 meam
365 385 442 404 elevavit
450 391 480 404 me
489 385 512 404 de
520 387 574 407 terra,
579 391 646 410 rosque
654 385 735 410 perfudit

211 415 247 428 me.
272 410 298 429 Et
306 413 402 435 extergens
414 410 479 429 faciem
488 416 547 429 meam
561 410 654 429 osculatus
662 413 691 429 est
699 417 735 433 me,

212 437 231 453 et
243 435 289 453 dixit
300 435 356 454 mihi:
374 435 417 454 Noli
429 436 499 457 timere,
508 435 584 460 Joseph,
592 436 662 460 respice
673 436 691 454 in
705 442 735 455 me

212 462 232 478 et
239 460 287 481 vide,
306 461 336 479 uia
344 467 379 485 ego
388 467 434 479 sum.
461 461 486 479 Et
493 461 566 485 respexi
575 463 594 479 et
600 461 644 483 dixi,
651 461 735 480 Rabboni

213 485 274 504 Elias!
289 466 314 504 {t
322 486 368 504 dixit
376 485 400 504 ad
408 492 444 508 me,
451 486 493 504 Non
503 492 543 504 sum
551 486 600 504 Elias
609 486 686 510 ego,sed
693 492 734 505 sum

195 516 207 526 ¹⁵
213 510 267 529 Jesus
272 510 378 529 Nazarenus
384 511 436 535 cujus
443 517 509 540 corpus
515 511 599 536 sepelisti.
625 511 666 536 Ego
672 514 734 529 autem

213 535 250 554 dixi
259 535 282 554 ad
290 542 339 558 eum,
347 536 429 554 Ostende
437 536 481 554 mihi
489 539 636 558 monumentum,
642 536 673 554 ubi
681 536 735 561 posui

213 563 237 579 te.
262 560 316 580 Jesus
325 567 369 580 vero
382 564 446 579 tenens
459 567 534 580 manum
547 567 607 580 meam
619 561 695 580 deduxit
705 567 736 580 me

212 585 232 604 in
249 585 317 608 locum,
333 586 364 604 ubi
381 586 455 610 sepelivi
475 592 522 605 eum.
549 586 573 605 Et
592 586 672 605 ostendit
691 586 736 605 mihi

213 610 309 630 sindonem
324 614 343 630 et
356 611 435 633 fasciale,
449 611 468 629 in
483 617 520 635 quo
535 614 591 636 caput
606 611 645 636 ejus
662 611 735 630 involvi.

195 636 268 655 -Tune
280 636 363 661 cognovi,
375 636 418 661 quia
430 636 484 655 Jesus
497 639 531 658 est,
541 639 560 655 et
572 636 645 655 adoravi
657 643 705 659 eum,
716 639 736 655 et

214 661 264 680 dixi:
286 662 401 684 Benedictus,
419 662 449 686 qui
467 661 516 680 venit
532 662 551 680 in
568 662 641 680 nomine
656 662 736 680 Domini.

215 686 268 705 Jesus
286 693 329 706 vero
346 689 410 705 tenens
429 693 504 705 manum
524 693 584 705 meam
602 687 655 705 duxit
671 693 701 705 me
717 687 736 705 in

215 712 335 730 Arimathiam
347 712 366 730 in
379 712 455 730 domum
468 718 534 734 meam,
547 714 566 730 et
578 712 624 730 dixit
636 712 686 734 mihi,
698 712 736 730 Pax

215 736 259 755 tibi!
277 739 296 755 et
304 743 363 761 usque
371 736 389 755 in
402 737 560 761 quadragesimum
572 737 620 755 diem
631 743 669 755 non
682 743 737 755 exeas

197 766 209 776 ¹·
216 761 238 780 de
251 761 307 780 domo
320 765 357 780 tun.
382 762 425 787 Ego
436 762 485 780 enim
496 762 593 780 ambulabo
604 762 627 780 ad
639 762 737 786 discipulos

216 788 282 805 meos?

417 811 485 828 CAPUT
495 812 538 828 XVI,

241 838 304 859 Quum
313 837 353 857 haec
360 838 422 857 omnia
427 838 520 857 audissent
528 838 618 863 principes
623 838 738 857 sacerdotum

218 866 237 882 et
245 863 306 882 ceteri
319 863 422 882 sacerdotes
435 866 454 882 et
467 863 542 885 Levitae,
555 863 652 888 stupefacti
664 866 708 882 sunt
720 866 739 881 et

218 888 274 907 veluti
282 889 350 907 mortui
356 888 461 907 ceciderunt
469 894 523 913 super
529 888 585 907 facies
592 895 633 907 suns
640 889 657 907 in
665 891 739 910 terram,

200 916 239 932 net
260 914 328 932 reversi
353 913 376 932 ad
401 919 421 932 se
446 914 537 936 dixerunt,
558 916 569 924 ¹¹
576 913 625 934 Quid
650 916 679 932 est
703 913 739 932 hoc

219 939 297 963 signum,
310 939 360 963 quod
374 938 444 957 iactum
459 942 488 957 est
501 939 519 957 iu
535 939 651 957 Jerusalem‘!
668 938 739 957 Scimus

219 964 267 983 enim
285 967 355 989 patrem
370 967 388 982 et
403 967 481 982 matrem
495 964 555 982 Jesu.”
580 964 659 984 Quidam
677 964 741 982 Levita

219 989 270 1011 dixit,
279 992 290 1000 “
296 989 336 1014 Ego
345 989 429 1013 cog-novi,
436 989 486 1013 quod
494 992 546 1013 pater
551 992 570 1007 et
576 992 635 1008 mater
641 989 680 1013 ejus
689 991 741 1007 erant

219 1015 304 1033 timentes
321 1015 387 1036 Deum,
404 1017 423 1033 et
440 1020 482 1033 cum
502 1014 614 1033 mtionibus
633 1020 705 1039 semper
720 1014 739 1032 in
