<?xml version="1.0" encoding="UTF-8"?>
<!DOCTYPE html PUBLIC "-//W3C//DTD XHTML 1.0 Transitional//EN"
    "http://www.w3.org/TR/xhtml1/DTD/xhtml1-transitional.dtd">
<html xmlns="http://www.w3.org/1999/xhtml" xml:lang="en" lang="en">
 <head>
  <title>
</title>
<meta http-equiv="Content-Type" content="text/html;charset=utf-8" />
  <meta name='ocr-system' content='tesseract 3.04.00' />
  <meta name='ocr-capabilities' content='ocr_page ocr_carea ocr_par ocr_line ocrx_word'/>
</head>
<body>
  <div class='ocr_page' id='page_1' title='image "./codexapocryphus00gilegoog_0051.png"; bbox 0 0 823 1277; ppageno 0'>
   <div class='ocr_carea' id='block_1_1' title="bbox 195 126 631 143">
    <p class='ocr_par' dir='ltr' id='par_1_1' title="bbox 195 126 631 143">
     <span class='ocr_line' id='line_1_1' title="bbox 195 126 631 143; baseline 0 -1"><span class='ocrx_word' id='word_1_1' title='bbox 195 126 226 142; x_wconf 64' lang='lat'>26*</span> <span class='ocrx_word' id='word_1_2' title='bbox 291 126 344 142; x_wconf 69' lang='lat' dir='ltr'>Conni(</span> <span class='ocrx_word' id='word_1_3' title='bbox 356 127 461 142; x_wconf 63' lang='lat' dir='ltr'>Ameana-xus</span> <span class='ocrx_word' id='word_1_4' title='bbox 472 126 515 142; x_wconf 72' lang='lat' dir='ltr'>Now</span> <span class='ocrx_word' id='word_1_5' title='bbox 526 126 631 143; x_wconf 68' lang='lat' dir='ltr'>Tim-mim.</span> 
     </span>
    </p>
   </div>
   <div class='ocr_carea' id='block_1_2' title="bbox 205 169 743 339">
    <p class='ocr_par' dir='ltr' id='par_1_2' title="bbox 205 169 743 339">
     <span class='ocr_line' id='line_1_2' title="bbox 221 169 741 195; baseline 0 -7"><span class='ocrx_word' id='word_1_6' title='bbox 221 170 291 188; x_wconf 79' lang='lat' dir='ltr'>Pecora</span> <span class='ocrx_word' id='word_1_7' title='bbox 299 170 317 188; x_wconf 87' lang='lat' dir='ltr'>in</span> <span class='ocrx_word' id='word_1_8' title='bbox 326 170 391 188; x_wconf 90' lang='lat' dir='ltr'>eodem</span> <span class='ocrx_word' id='word_1_9' title='bbox 400 170 429 188; x_wconf 82' lang='lat' dir='ltr'>die</span> <span class='ocrx_word' id='word_1_10' title='bbox 436 176 473 188; x_wconf 89' lang='lat' dir='ltr'>nou</span> <span class='ocrx_word' id='word_1_11' title='bbox 481 170 583 194; x_wconf 81' lang='lat' dir='ltr'>mulgentes</span> <span class='ocrx_word' id='word_1_12' title='bbox 590 169 621 189; x_wconf 88' lang='lat' dir='ltr'>sed</span> <span class='ocrx_word' id='word_1_13' title='bbox 630 170 741 195; x_wconf 72' lang='lat' dir='ltr'>pauperibus</span> 
     </span>
     <span class='ocr_line' id='line_1_3' title="bbox 222 195 734 219; baseline 0 -6"><span class='ocrx_word' id='word_1_14' title='bbox 222 195 285 213; x_wconf 82' lang='lat' dir='ltr'>vestris</span> <span class='ocrx_word' id='word_1_15' title='bbox 302 197 334 213; x_wconf 82' lang='lat' dir='ltr'>aut</span> <span class='ocrx_word' id='word_1_16' title='bbox 347 195 461 219; x_wconf 74' lang='lat' dir='ltr'>comparibus</span> <span class='ocrx_word' id='word_1_17' title='bbox 475 201 511 213; x_wconf 89' lang='lat' dir='ltr'>non</span> <span class='ocrx_word' id='word_1_18' title='bbox 526 195 615 214; x_wconf 74' lang='lat' dir='ltr'>habentes</span> <span class='ocrx_word' id='word_1_19' title='bbox 628 195 734 214; x_wconf 79' lang='lat' dir='ltr'>distribuere</span> 
     </span>
     <span class='ocr_line' id='line_1_4' title="bbox 223 220 740 239; baseline 0.002 -1"><span class='ocrx_word' id='word_1_20' title='bbox 223 220 281 238; x_wconf 79' lang='lat' dir='ltr'>Boves</span> <span class='ocrx_word' id='word_1_21' title='bbox 290 222 331 238; x_wconf 84' lang='lat' dir='ltr'>tuos</span> <span class='ocrx_word' id='word_1_22' title='bbox 340 220 358 239; x_wconf 89' lang='lat' dir='ltr'>in</span> <span class='ocrx_word' id='word_1_23' title='bbox 367 220 431 239; x_wconf 87' lang='lat' dir='ltr'>eodem</span> <span class='ocrx_word' id='word_1_24' title='bbox 441 220 470 238; x_wconf 89' lang='lat' dir='ltr'>die</span> <span class='ocrx_word' id='word_1_25' title='bbox 478 226 515 239; x_wconf 87' lang='lat' dir='ltr'>nou</span> <span class='ocrx_word' id='word_1_26' title='bbox 525 221 586 239; x_wconf 73' lang='lat' dir='ltr'>mittas</span> <span class='ocrx_word' id='word_1_27' title='bbox 593 220 681 239; x_wconf 69' lang='lat' dir='ltr'>laborare.</span> <span class='ocrx_word' id='word_1_28' title='bbox 696 220 740 239; x_wconf 83' lang='lat' dir='ltr'>Pro-</span> 
     </span>
     <span class='ocr_line' id='line_1_5' title="bbox 222 245 740 270; baseline 0 -7"><span class='ocrx_word' id='word_1_29' title='bbox 222 248 263 270; x_wconf 84' lang='lat' dir='ltr'>pter</span> <span class='ocrx_word' id='word_1_30' title='bbox 272 245 322 269; x_wconf 85' lang='lat' dir='ltr'>quod</span> <span class='ocrx_word' id='word_1_31' title='bbox 331 252 367 263; x_wconf 89' lang='lat' dir='ltr'>nun</span> <span class='ocrx_word' id='word_1_32' title='bbox 380 245 474 263; x_wconf 77' lang='lat' dir='ltr'>custoditis</span> <span class='ocrx_word' id='word_1_33' title='bbox 485 245 533 263; x_wconf 84' lang='lat' dir='ltr'>diem</span> <span class='ocrx_word' id='word_1_34' title='bbox 545 246 668 267; x_wconf 80' lang='lat' dir='ltr'>Dominicum,</span> <span class='ocrx_word' id='word_1_35' title='bbox 679 246 740 264; x_wconf 81' lang='lat' dir='ltr'>veniat</span> 
     </span>
     <span class='ocr_line' id='line_1_6' title="bbox 205 270 741 295; baseline 0.002 -7"><span class='ocrx_word' id='word_1_36' title='bbox 205 273 210 281; x_wconf 86' lang='lat'>¹</span> <span class='ocrx_word' id='word_1_37' title='bbox 224 276 278 295; x_wconf 83' lang='lat' dir='ltr'>super</span> <span class='ocrx_word' id='word_1_38' title='bbox 286 277 318 289; x_wconf 83' lang='lat' dir='ltr'>vos</span> <span class='ocrx_word' id='word_1_39' title='bbox 324 270 412 294; x_wconf 81' lang='lat' dir='ltr'>judicium</span> <span class='ocrx_word' id='word_1_40' title='bbox 422 270 500 288; x_wconf 84' lang='lat' dir='ltr'>Domini.</span> <span class='ocrx_word' id='word_1_41' title='bbox 514 271 538 289; x_wconf 82' lang='lat' dir='ltr'>Et</span> <span class='ocrx_word' id='word_1_42' title='bbox 546 273 643 295; x_wconf 74' lang='lat' dir='ltr'>propterea</span> <span class='ocrx_word' id='word_1_43' title='bbox 651 270 741 295; x_wconf 75' lang='lat' dir='ltr'>lugebunt</span> 
     </span>
     <span class='ocr_line' id='line_1_7' title="bbox 223 295 741 320; baseline 0.002 -7"><span class='ocrx_word' id='word_1_44' title='bbox 223 298 250 313; x_wconf 88' lang='lat' dir='ltr'>et.</span> <span class='ocrx_word' id='word_1_45' title='bbox 258 295 375 320; x_wconf 59' lang='lat' dir='ltr'>generaliter</span> <span class='ocrx_word' id='word_1_46' title='bbox 383 295 483 320; x_wconf 81' lang='lat' dir='ltr'>periculum</span> <span class='ocrx_word' id='word_1_47' title='bbox 493 299 546 314; x_wconf 81' lang='lat' dir='ltr'>terrae</span> <span class='ocrx_word' id='word_1_48' title='bbox 555 298 574 314; x_wconf 84' lang='lat' dir='ltr'>et</span> <span class='ocrx_word' id='word_1_49' title='bbox 583 296 663 320; x_wconf 77' lang='lat' dir='ltr'>captivas</span> <span class='ocrx_word' id='word_1_50' title='bbox 671 296 741 314; x_wconf 74' lang='lat' dir='ltr'>animas</span> 
     </span>
     <span class='ocr_line' id='line_1_8' title="bbox 224 320 743 339; baseline 0 0"><span class='ocrx_word' id='word_1_51' title='bbox 224 320 288 339; x_wconf 80' lang='lat' dir='ltr'>ducet.</span> <span class='ocrx_word' id='word_1_52' title='bbox 296 334 300 339; x_wconf 81' lang='grc'><em>,</em></span> <span class='ocrx_word' id='word_1_53' title='bbox 308 334 313 339; x_wconf 88' lang='grc'><strong>.</strong></span> <span class='ocrx_word' id='word_1_54' title='bbox 320 320 360 339; x_wconf 65' lang='lat' dir='ltr'>‚ubi</span> <span class='ocrx_word' id='word_1_55' title='bbox 369 321 403 339; x_wconf 82' lang='lat' dir='ltr'>erit</span> <span class='ocrx_word' id='word_1_56' title='bbox 412 320 468 339; x_wconf 72' lang='lat' dir='ltr'>fletus</span> <span class='ocrx_word' id='word_1_57' title='bbox 479 323 497 339; x_wconf 74' lang='lat' dir='ltr'>et</span> <span class='ocrx_word' id='word_1_58' title='bbox 510 320 576 339; x_wconf 74' lang='lat' dir='ltr'>stridor</span> <span class='ocrx_word' id='word_1_59' title='bbox 584 320 670 339; x_wconf 84' lang='lat' dir='ltr'>dentium.</span> <span class='ocrx_word' id='word_1_60' title='bbox 696 320 743 339; x_wconf 80' lang='lat' dir='ltr'>Nes-</span> 
     </span>
    </p>
   </div>
   <div class='ocr_carea' id='block_1_3' title="bbox 207 345 742 445">
    <p class='ocr_par' dir='ltr' id='par_1_3' title="bbox 207 345 742 445">
     <span class='ocr_line' id='line_1_9' title="bbox 224 345 741 370; baseline -0.002 -6"><span class='ocrx_word' id='word_1_61' title='bbox 224 346 263 364; x_wconf 81' lang='lat' dir='ltr'>citis</span> <span class='ocrx_word' id='word_1_62' title='bbox 280 346 339 364; x_wconf 85' lang='lat' dir='ltr'>miseri</span> <span class='ocrx_word' id='word_1_63' title='bbox 353 345 396 370; x_wconf 75' lang='lat' dir='ltr'>quia</span> <span class='ocrx_word' id='word_1_64' title='bbox 412 359 479 364; x_wconf 87' lang='grc'><strong>......</strong></span> <span class='ocrx_word' id='word_1_65' title='bbox 499 348 567 364; x_wconf 81' lang='lat' dir='ltr'>terram</span> <span class='ocrx_word' id='word_1_66' title='bbox 581 352 632 366; x_wconf 77' lang='lat' dir='ltr'>mare</span> <span class='ocrx_word' id='word_1_67' title='bbox 647 347 666 364; x_wconf 79' lang='lat' dir='ltr'>et</span> <span class='ocrx_word' id='word_1_68' title='bbox 680 345 741 364; x_wconf 81' lang='lat' dir='ltr'>omnia</span> 
     </span>
     <span class='ocr_line' id='line_1_10' title="bbox 224 370 741 395; baseline 0.002 -7"><span class='ocrx_word' id='word_1_69' title='bbox 224 377 266 395; x_wconf 76' lang='lat' dir='ltr'>quae</span> <span class='ocrx_word' id='word_1_70' title='bbox 283 371 301 388; x_wconf 90' lang='lat' dir='ltr'>in</span> <span class='ocrx_word' id='word_1_71' title='bbox 318 370 344 389; x_wconf 92' lang='lat' dir='ltr'>eis</span> <span class='ocrx_word' id='word_1_72' title='bbox 362 373 405 388; x_wconf 81' lang='lat' dir='ltr'>sunt</span> <span class='ocrx_word' id='word_1_73' title='bbox 426 376 489 389; x_wconf 75' lang='lat' dir='ltr'>ornam</span> <span class='ocrx_word' id='word_1_74' title='bbox 515 384 606 389; x_wconf 76' lang='lat'>........</span> <span class='ocrx_word' id='word_1_75' title='bbox 632 373 662 389; x_wconf 78' lang='lat' dir='ltr'>tea</span> <span class='ocrx_word' id='word_1_76' title='bbox 682 370 741 389; x_wconf 72' lang='lat' dir='ltr'>Adam</span> 
     </span>
     <span class='ocr_line' id='line_1_11' title="bbox 207 395 742 420; baseline 0.002 -7"><span class='ocrx_word' id='word_1_77' title='bbox 207 396 248 413; x_wconf 78' lang='lat' dir='ltr'>¹⁰de</span> <span class='ocrx_word' id='word_1_78' title='bbox 264 395 308 414; x_wconf 85' lang='lat' dir='ltr'>limo</span> <span class='ocrx_word' id='word_1_79' title='bbox 328 398 382 414; x_wconf 66' lang='lat' dir='ltr'>«errae</span> <span class='ocrx_word' id='word_1_80' title='bbox 399 395 486 420; x_wconf 75' lang='lat' dir='ltr'>plasmavi</span> <span class='ocrx_word' id='word_1_81' title='bbox 503 399 521 415; x_wconf 73' lang='lat' dir='ltr'>et</span> <span class='ocrx_word' id='word_1_82' title='bbox 537 396 575 415; x_wconf 82' lang='lat' dir='ltr'>edi.</span> <span class='ocrx_word' id='word_1_83' title='bbox 595 409 711 415; x_wconf 78' lang='grc'><em>..........</em></span> <span class='ocrx_word' id='word_1_84' title='bbox 715 395 742 414; x_wconf 85' lang='lat' dir='ltr'>bit</span> 
     </span>
     <span class='ocr_line' id='line_1_12' title="bbox 226 420 742 445; baseline 0.002 -7"><span class='ocrx_word' id='word_1_85' title='bbox 226 420 284 439; x_wconf 76' lang='lat' dir='ltr'>omnis</span> <span class='ocrx_word' id='word_1_86' title='bbox 295 423 381 445; x_wconf 71' lang='lat' dir='ltr'>peccaius</span> <span class='ocrx_word' id='word_1_87' title='bbox 393 420 412 439; x_wconf 88' lang='lat' dir='ltr'>in</span> <span class='ocrx_word' id='word_1_88' title='bbox 424 423 479 442; x_wconf 80' lang='lat' dir='ltr'>terra,</span> <span class='ocrx_word' id='word_1_89' title='bbox 492 420 550 439; x_wconf 83' lang='lat' dir='ltr'>donee</span> <span class='ocrx_word' id='word_1_90' title='bbox 555 434 679 439; x_wconf 82' lang='lat'>..........</span> <span class='ocrx_word' id='word_1_91' title='bbox 692 421 742 439; x_wconf 87' lang='lat' dir='ltr'>Nihil</span> 
     </span>
    </p>
   </div>
   <div class='ocr_carea' id='block_1_4' title="bbox 208 445 747 1047">
    <p class='ocr_par' dir='ltr' id='par_1_4' title="bbox 208 445 747 1047">
     <span class='ocr_line' id='line_1_13' title="bbox 225 445 742 470; baseline 0.002 -7"><span class='ocrx_word' id='word_1_92' title='bbox 225 445 273 464; x_wconf 78' lang='lat' dir='ltr'>aliud</span> <span class='ocrx_word' id='word_1_93' title='bbox 287 449 383 470; x_wconf 75' lang='lat' dir='ltr'>operantes</span> <span class='ocrx_word' id='word_1_94' title='bbox 395 446 413 463; x_wconf 93' lang='lat' dir='ltr'>in</span> <span class='ocrx_word' id='word_1_95' title='bbox 423 445 451 464; x_wconf 84' lang='lat' dir='ltr'>die</span> <span class='ocrx_word' id='word_1_96' title='bbox 461 446 558 464; x_wconf 81' lang='lat' dir='ltr'>Dominieo</span> <span class='ocrx_word' id='word_1_97' title='bbox 566 446 599 464; x_wconf 80' lang='lat' dir='ltr'>nisi</span> <span class='ocrx_word' id='word_1_98' title='bbox 612 446 635 464; x_wconf 79' lang='lat' dir='ltr'>ad</span> <span class='ocrx_word' id='word_1_99' title='bbox 647 446 742 464; x_wconf 84' lang='lat' dir='ltr'>ecclesiam</span> 
     </span>
     <span class='ocr_line' id='line_1_14' title="bbox 226 471 743 495; baseline 0 -6"><span class='ocrx_word' id='word_1_100' title='bbox 226 477 340 492; x_wconf 77' lang='lat' dir='ltr'>concurrere,</span> <span class='ocrx_word' id='word_1_101' title='bbox 357 471 480 489; x_wconf 66' lang='lat' dir='ltr'>solemnitates</span> <span class='ocrx_word' id='word_1_102' title='bbox 498 471 571 489; x_wconf 78' lang='lat' dir='ltr'>Domini</span> <span class='ocrx_word' id='word_1_103' title='bbox 588 471 656 493; x_wconf 80' lang='lat' dir='ltr'>audire,</span> <span class='ocrx_word' id='word_1_104' title='bbox 669 474 688 489; x_wconf 80' lang='lat' dir='ltr'>et</span> <span class='ocrx_word' id='word_1_105' title='bbox 701 474 743 495; x_wconf 84' lang='lat' dir='ltr'>post</span> 
     </span>
     <span class='ocr_line' id='line_1_15' title="bbox 226 495 744 520; baseline 0 -6"><span class='ocrx_word' id='word_1_106' title='bbox 226 496 266 514; x_wconf 81' lang='lat' dir='ltr'>haec</span> <span class='ocrx_word' id='word_1_107' title='bbox 275 495 357 514; x_wconf 78' lang='lat' dir='ltr'>infirmos</span> <span class='ocrx_word' id='word_1_108' title='bbox 366 496 443 517; x_wconf 66' lang='lat' dir='ltr'>visitare,</span> <span class='ocrx_word' id='word_1_109' title='bbox 452 498 535 514; x_wconf 80' lang='lat' dir='ltr'>mortuos</span> <span class='ocrx_word' id='word_1_110' title='bbox 544 496 627 520; x_wconf 84' lang='lat' dir='ltr'>sepelire,</span> <span class='ocrx_word' id='word_1_111' title='bbox 636 496 744 515; x_wconf 79' lang='lat' dir='ltr'>tribulantes</span> 
     </span>
     <span class='ocr_line' id='line_1_16' title="bbox 208 520 743 545; baseline 0 -6"><span class='ocrx_word' id='word_1_112' title='bbox 208 524 219 531; x_wconf 79' lang='lat'>¹³</span> <span class='ocrx_word' id='word_1_113' title='bbox 227 520 328 542; x_wconf 74' lang='lat' dir='ltr'>consulare,</span> <span class='ocrx_word' id='word_1_114' title='bbox 341 520 465 539; x_wconf 78' lang='lat' dir='ltr'>discordantes</span> <span class='ocrx_word' id='word_1_115' title='bbox 473 520 576 545; x_wconf 78' lang='lat' dir='ltr'>pacificare,</span> <span class='ocrx_word' id='word_1_116' title='bbox 589 527 661 539; x_wconf 85' lang='lat' dir='ltr'>crucem</span> <span class='ocrx_word' id='word_1_117' title='bbox 676 521 743 539; x_wconf 80' lang='lat' dir='ltr'>Christi</span> 
     </span>
     <span class='ocr_line' id='line_1_17' title="bbox 226 545 742 570; baseline 0 -6"><span class='ocrx_word' id='word_1_118' title='bbox 226 546 244 564; x_wconf 92' lang='lat' dir='ltr'>in</span> <span class='ocrx_word' id='word_1_119' title='bbox 259 545 343 564; x_wconf 83' lang='lat' dir='ltr'>omnibus</span> <span class='ocrx_word' id='word_1_120' title='bbox 352 552 444 567; x_wconf 79' lang='lat' dir='ltr'>venerare,</span> <span class='ocrx_word' id='word_1_121' title='bbox 453 546 565 570; x_wconf 85' lang='lat' dir='ltr'>deponentes</span> <span class='ocrx_word' id='word_1_122' title='bbox 573 546 639 564; x_wconf 80' lang='lat' dir='ltr'>nitidas</span> <span class='ocrx_word' id='word_1_123' title='bbox 647 549 713 568; x_wconf 78' lang='lat' dir='ltr'>vestes,</span> <span class='ocrx_word' id='word_1_124' title='bbox 724 546 742 564; x_wconf 81' lang='lat' dir='ltr'>in</span> 
     </span>
     <span class='ocr_line' id='line_1_18' title="bbox 226 570 743 593; baseline 0 -4"><span class='ocrx_word' id='word_1_125' title='bbox 226 571 283 589; x_wconf 79' lang='lat' dir='ltr'>saccis</span> <span class='ocrx_word' id='word_1_126' title='bbox 299 573 318 589; x_wconf 85' lang='lat' dir='ltr'>et</span> <span class='ocrx_word' id='word_1_127' title='bbox 331 570 391 589; x_wconf 81' lang='lat' dir='ltr'>ciliciis</span> <span class='ocrx_word' id='word_1_128' title='bbox 404 574 423 589; x_wconf 85' lang='lat' dir='ltr'>et</span> <span class='ocrx_word' id='word_1_129' title='bbox 436 571 495 589; x_wconf 79' lang='lat' dir='ltr'>cinere</span> <span class='ocrx_word' id='word_1_130' title='bbox 512 571 585 593; x_wconf 79' lang='lat' dir='ltr'>versari,</span> <span class='ocrx_word' id='word_1_131' title='bbox 598 571 645 589; x_wconf 84' lang='lat' dir='ltr'>sicut</span> <span class='ocrx_word' id='word_1_132' title='bbox 658 571 743 589; x_wconf 79' lang='lat' dir='ltr'>Ninivitae</span> 
     </span>
     <span class='ocr_line' id='line_1_19' title="bbox 225 596 743 617; baseline 0 -3"><span class='ocrx_word' id='word_1_133' title='bbox 225 596 315 617; x_wconf 67' lang='lat' dir='ltr'>fecerunt,</span> <span class='ocrx_word' id='word_1_134' title='bbox 332 598 351 614; x_wconf 84' lang='lat' dir='ltr'>et</span> <span class='ocrx_word' id='word_1_135' title='bbox 367 596 392 614; x_wconf 84' lang='lat' dir='ltr'>sic</span> <span class='ocrx_word' id='word_1_136' title='bbox 408 596 477 614; x_wconf 72' lang='lat' dir='ltr'>liberati</span> <span class='ocrx_word' id='word_1_137' title='bbox 495 598 538 614; x_wconf 84' lang='lat' dir='ltr'>sunt</span> <span class='ocrx_word' id='word_1_138' title='bbox 550 596 573 614; x_wconf 77' lang='lat' dir='ltr'>ab</span> <span class='ocrx_word' id='word_1_139' title='bbox 586 596 612 614; x_wconf 81' lang='lat' dir='ltr'>ira</span> <span class='ocrx_word' id='word_1_140' title='bbox 624 596 690 614; x_wconf 74' lang='lat' dir='ltr'>furoris</span> <span class='ocrx_word' id='word_1_141' title='bbox 702 596 743 615; x_wconf 82' lang='lat' dir='ltr'>mei.</span> 
     </span>
     <span class='ocr_line' id='line_1_20' title="bbox 227 621 743 646; baseline 0.002 -7"><span class='ocrx_word' id='word_1_142' title='bbox 227 621 289 640; x_wconf 86' lang='lat' dir='ltr'>Miseri</span> <span class='ocrx_word' id='word_1_143' title='bbox 297 621 359 645; x_wconf 83' lang='lat' dir='ltr'>populi</span> <span class='ocrx_word' id='word_1_144' title='bbox 369 627 402 639; x_wconf 85' lang='lat' dir='ltr'>cur</span> <span class='ocrx_word' id='word_1_145' title='bbox 415 627 451 639; x_wconf 88' lang='lat' dir='ltr'>non</span> <span class='ocrx_word' id='word_1_146' title='bbox 465 621 537 643; x_wconf 81' lang='lat' dir='ltr'>timetis,</span> <span class='ocrx_word' id='word_1_147' title='bbox 550 623 571 639; x_wconf 82' lang='lat' dir='ltr'>ut</span> <span class='ocrx_word' id='word_1_148' title='bbox 584 621 654 646; x_wconf 72' lang='lat' dir='ltr'>possitis</span> <span class='ocrx_word' id='word_1_149' title='bbox 667 621 743 640; x_wconf 79' lang='lat' dir='ltr'>evadere</span> 
     </span>
     <span class='ocr_line' id='line_1_21' title="bbox 208 646 745 670; baseline 0.002 -6"><span class='ocrx_word' id='word_1_150' title='bbox 208 649 220 657; x_wconf 79' lang='lat'>’‘</span> <span class='ocrx_word' id='word_1_151' title='bbox 227 647 272 665; x_wconf 69' lang='lat' dir='ltr'>imm</span> <span class='ocrx_word' id='word_1_152' title='bbox 289 652 354 664; x_wconf 76' lang='lat' dir='ltr'>meam.</span> <span class='ocrx_word' id='word_1_153' title='bbox 380 646 468 670; x_wconf 80' lang='lat' dir='ltr'>Corrigite</span> <span class='ocrx_word' id='word_1_154' title='bbox 485 652 517 665; x_wconf 84' lang='lat' dir='ltr'>vos</span> <span class='ocrx_word' id='word_1_155' title='bbox 533 649 632 670; x_wconf 70' lang='lat' dir='ltr'>antequam</span> <span class='ocrx_word' id='word_1_156' title='bbox 645 647 706 665; x_wconf 75' lang='lat' dir='ltr'>veniat</span> <span class='ocrx_word' id='word_1_157' title='bbox 718 647 745 665; x_wconf 69' lang='lat' dir='ltr'>ira¹</span> 
     </span>
     <span class='ocr_line' id='line_1_22' title="bbox 227 671 745 696; baseline 0.002 -7"><span class='ocrx_word' id='word_1_158' title='bbox 227 678 268 690; x_wconf 74' lang='lat' dir='ltr'>rnen</span> <span class='ocrx_word' id='word_1_159' title='bbox 281 677 335 696; x_wconf 79' lang='lat' dir='ltr'>super</span> <span class='ocrx_word' id='word_1_160' title='bbox 347 677 380 689; x_wconf 85' lang='lat' dir='ltr'>vos</span> <span class='ocrx_word' id='word_1_161' title='bbox 392 675 411 689; x_wconf 82' lang='lat' dir='ltr'>et</span> <span class='ocrx_word' id='word_1_162' title='bbox 424 677 487 689; x_wconf 83' lang='lat' dir='ltr'>omnes</span> <span class='ocrx_word' id='word_1_163' title='bbox 500 671 602 690; x_wconf 71' lang='lat' dir='ltr'>habitantes</span> <span class='ocrx_word' id='word_1_164' title='bbox 615 672 633 690; x_wconf 91' lang='lat' dir='ltr'>in</span> <span class='ocrx_word' id='word_1_165' title='bbox 646 674 700 693; x_wconf 78' lang='lat' dir='ltr'>terra,</span> <span class='ocrx_word' id='word_1_166' title='bbox 713 672 745 696; x_wconf 87' lang='lat' dir='ltr'>qui</span> 
     </span>
     <span class='ocr_line' id='line_1_23' title="bbox 226 696 745 716; baseline 0.002 -2"><span class='ocrx_word' id='word_1_167' title='bbox 226 696 293 715; x_wconf 90' lang='lat' dir='ltr'>nolunt</span> <span class='ocrx_word' id='word_1_168' title='bbox 305 696 395 714; x_wconf 77' lang='lat' dir='ltr'>custodire</span> <span class='ocrx_word' id='word_1_169' title='bbox 409 696 495 715; x_wconf 65' lang='lat' dir='ltr'>nnandata</span> <span class='ocrx_word' id='word_1_170' title='bbox 511 703 552 715; x_wconf 84' lang='lat' dir='ltr'>mea</span> <span class='ocrx_word' id='word_1_171' title='bbox 564 699 583 714; x_wconf 84' lang='lat' dir='ltr'>et</span> <span class='ocrx_word' id='word_1_172' title='bbox 600 697 647 715; x_wconf 86' lang='lat' dir='ltr'>diern</span> <span class='ocrx_word' id='word_1_173' title='bbox 661 699 745 716; x_wconf 79' lang='lat' dir='ltr'>sanetum</span> 
     </span>
     <span class='ocr_line' id='line_1_24' title="bbox 228 721 745 741; baseline 0.004 -2"><span class='ocrx_word' id='word_1_174' title='bbox 228 721 343 740; x_wconf 84' lang='lat' dir='ltr'>Dominicum</span> <span class='ocrx_word' id='word_1_175' title='bbox 352 721 412 739; x_wconf 85' lang='lat' dir='ltr'>colere</span> <span class='ocrx_word' id='word_1_176' title='bbox 421 724 440 739; x_wconf 79' lang='lat' dir='ltr'>et</span> <span class='ocrx_word' id='word_1_177' title='bbox 448 727 539 740; x_wconf 79' lang='lat' dir='ltr'>venerare.</span> <span class='ocrx_word' id='word_1_178' title='bbox 557 722 621 740; x_wconf 75' lang='lat' dir='ltr'>Ponite</span> <span class='ocrx_word' id='word_1_179' title='bbox 628 722 687 740; x_wconf 67' lang='lat' dir='ltr'>misen</span> <span class='ocrx_word' id='word_1_180' title='bbox 696 728 745 741; x_wconf 82' lang='lat' dir='ltr'>mor-</span> 
     </span>
     <span class='ocr_line' id='line_1_25' title="bbox 226 746 745 771; baseline 0.004 -7"><span class='ocrx_word' id='word_1_181' title='bbox 226 749 264 765; x_wconf 80' lang='lat' dir='ltr'>tem</span> <span class='ocrx_word' id='word_1_182' title='bbox 272 749 315 764; x_wconf 73' lang='lat' dir='ltr'>anie</span> <span class='ocrx_word' id='word_1_183' title='bbox 324 746 387 764; x_wconf 86' lang='lat' dir='ltr'>oculos</span> <span class='ocrx_word' id='word_1_184' title='bbox 395 749 465 764; x_wconf 80' lang='lat' dir='ltr'>vestros</span> <span class='ocrx_word' id='word_1_185' title='bbox 473 746 502 765; x_wconf 84' lang='lat' dir='ltr'>die</span> <span class='ocrx_word' id='word_1_186' title='bbox 511 749 610 770; x_wconf 80' lang='lat' dir='ltr'>noctuque,</span> <span class='ocrx_word' id='word_1_187' title='bbox 622 747 665 771; x_wconf 77' lang='lat' dir='ltr'>quia</span> <span class='ocrx_word' id='word_1_188' title='bbox 672 748 745 766; x_wconf 74' lang='lat' dir='ltr'>nescitis</span> 
     </span>
     <span class='ocr_line' id='line_1_26' title="bbox 209 771 746 800; baseline 0.004 -11"><span class='ocrx_word' id='word_1_189' title='bbox 209 774 220 782; x_wconf 81' lang='lat'>¹¹</span> <span class='ocrx_word' id='word_1_190' title='bbox 228 778 264 796; x_wconf 73' lang='lat' dir='ltr'>qua</span> <span class='ocrx_word' id='word_1_191' title='bbox 273 771 318 790; x_wconf 78' lang='lat' dir='ltr'>hora</span> <span class='ocrx_word' id='word_1_192' title='bbox 326 771 431 789; x_wconf 69' lang='lat' dir='ltr'>auferantur</span> <span class='ocrx_word' id='word_1_193' title='bbox 439 778 451 789; x_wconf 73' lang='lat' dir='ltr'><strong>a</strong></span> <span class='ocrx_word' id='word_1_194' title='bbox 457 771 508 790; x_wconf 85' lang='lat' dir='ltr'>vobis</span> <span class='ocrx_word' id='word_1_195' title='bbox 514 772 583 800; x_wconf 32' lang='lat' dir='ltr'>animae‘</span> <span class='ocrx_word' id='word_1_196' title='bbox 589 775 653 790; x_wconf 80' lang='lat' dir='ltr'>vestrae</span> <span class='ocrx_word' id='word_1_197' title='bbox 661 775 680 790; x_wconf 77' lang='lat' dir='ltr'>et</span> <span class='ocrx_word' id='word_1_198' title='bbox 689 772 746 791; x_wconf 83' lang='lat' dir='ltr'>dedu-</span> 
     </span>
     <span class='ocr_line' id='line_1_27' title="bbox 227 796 745 821; baseline 0.002 -6"><span class='ocrx_word' id='word_1_199' title='bbox 227 801 292 815; x_wconf 75' lang='lat' dir='ltr'>cantur</span> <span class='ocrx_word' id='word_1_200' title='bbox 306 803 317 815; x_wconf 79' lang='lat' dir='ltr'><strong>a</strong></span> <span class='ocrx_word' id='word_1_201' title='bbox 331 796 424 815; x_wconf 64' lang='lat' dir='ltr'>Diaboli&gt;</span> <span class='ocrx_word' id='word_1_202' title='bbox 420 803 437 815; x_wconf 93' lang='lat' dir='ltr'>1n</span> <span class='ocrx_word' id='word_1_203' title='bbox 451 797 552 821; x_wconf 78' lang='lat' dir='ltr'>gehenna&#39;</span> <span class='ocrx_word' id='word_1_204' title='bbox 547 796 599 821; x_wconf 78' lang='lat' dir='ltr'>ignis,</span> <span class='ocrx_word' id='word_1_205' title='bbox 612 797 642 815; x_wconf 88' lang='lat' dir='ltr'>ubi</span> <span class='ocrx_word' id='word_1_206' title='bbox 652 797 703 815; x_wconf 81' lang='lat' dir='ltr'>nulla</span> <span class='ocrx_word' id='word_1_207' title='bbox 711 798 745 816; x_wconf 82' lang='lat' dir='ltr'>erit</span> 
     </span>
     <span class='ocr_line' id='line_1_28' title="bbox 228 821 747 847; baseline 0.002 -7"><span class='ocrx_word' id='word_1_208' title='bbox 228 822 299 846; x_wconf 84' lang='lat' dir='ltr'>requies</span> <span class='ocrx_word' id='word_1_209' title='bbox 311 822 344 840; x_wconf 82' lang='lat' dir='ltr'>nisi</span> <span class='ocrx_word' id='word_1_210' title='bbox 357 821 413 840; x_wconf 79' lang='lat' dir='ltr'>fletus</span> <span class='ocrx_word' id='word_1_211' title='bbox 426 824 444 840; x_wconf 86' lang='lat' dir='ltr'>et</span> <span class='ocrx_word' id='word_1_212' title='bbox 457 822 542 840; x_wconf 78' lang='lat' dir='ltr'>ululatus.</span> <span class='ocrx_word' id='word_1_213' title='bbox 568 822 664 840; x_wconf 83' lang='lat' dir='ltr'>Admoneo</span> <span class='ocrx_word' id='word_1_214' title='bbox 672 828 705 841; x_wconf 88' lang='lat' dir='ltr'>vos</span> <span class='ocrx_word' id='word_1_215' title='bbox 714 829 747 847; x_wconf 86' lang='lat' dir='ltr'>per</span> 
     </span>
     <span class='ocr_line' id='line_1_29' title="bbox 228 846 745 871; baseline 0.004 -6"><span class='ocrx_word' id='word_1_216' title='bbox 228 846 323 871; x_wconf 80' lang='lat' dir='ltr'>epistulam</span> <span class='ocrx_word' id='word_1_217' title='bbox 332 846 385 865; x_wconf 77' lang='lat' dir='ltr'>istam</span> <span class='ocrx_word' id='word_1_218' title='bbox 392 850 413 865; x_wconf 76' lang='lat' dir='ltr'>ut</span> <span class='ocrx_word' id='word_1_219' title='bbox 420 847 524 865; x_wconf 80' lang='lat' dir='ltr'>custodiatis</span> <span class='ocrx_word' id='word_1_220' title='bbox 532 847 593 865; x_wconf 75' lang='lat' dir='ltr'>omnia</span> <span class='ocrx_word' id='word_1_221' title='bbox 598 853 639 871; x_wconf 84' lang='lat' dir='ltr'>quae</span> <span class='ocrx_word' id='word_1_222' title='bbox 646 847 682 866; x_wconf 85' lang='lat' dir='ltr'>dixi</span> <span class='ocrx_word' id='word_1_223' title='bbox 690 848 745 867; x_wconf 88' lang='lat' dir='ltr'>vobis.</span> 
     </span>
     <span class='ocr_line' id='line_1_30' title="bbox 228 872 746 897; baseline 0.004 -7"><span class='ocrx_word' id='word_1_224' title='bbox 228 872 283 892; x_wconf 80' lang='lat' dir='ltr'>Quod</span> <span class='ocrx_word' id='word_1_225' title='bbox 292 872 305 890; x_wconf 83' lang='lat' dir='ltr'>si</span> <span class='ocrx_word' id='word_1_226' title='bbox 315 878 352 890; x_wconf 93' lang='lat' dir='ltr'>non</span> <span class='ocrx_word' id='word_1_227' title='bbox 361 872 488 893; x_wconf 81' lang='lat' dir='ltr'>custodieritis,</span> <span class='ocrx_word' id='word_1_228' title='bbox 496 872 567 890; x_wconf 74' lang='lat' dir='ltr'>mittam</span> <span class='ocrx_word' id='word_1_229' title='bbox 574 878 629 897; x_wconf 83' lang='lat' dir='ltr'>super</span> <span class='ocrx_word' id='word_1_230' title='bbox 635 878 668 891; x_wconf 88' lang='lat' dir='ltr'>vos</span> <span class='ocrx_word' id='word_1_231' title='bbox 677 873 746 897; x_wconf 75' lang='lat' dir='ltr'>lapides</span> 
     </span>
     <span class='ocr_line' id='line_1_31' title="bbox 208 897 745 922; baseline 0.004 -7.073"><span class='ocrx_word' id='word_1_232' title='bbox 208 897 312 918; x_wconf 76' lang='lat' dir='ltr'>”caiidos‚</span> <span class='ocrx_word' id='word_1_233' title='bbox 307 903 368 921; x_wconf 77' lang='lat' dir='ltr'>ignem</span> <span class='ocrx_word' id='word_1_234' title='bbox 375 900 394 915; x_wconf 89' lang='lat' dir='ltr'>et</span> <span class='ocrx_word' id='word_1_235' title='bbox 400 897 494 916; x_wconf 74' lang='lat' dir='ltr'><strong>flammam</strong></span> <span class='ocrx_word' id='word_1_236' title='bbox 500 897 622 921; x_wconf 75' lang='lat' dir='ltr'>producentes</span> <span class='ocrx_word' id='word_1_237' title='bbox 629 903 670 916; x_wconf 79' lang='lat' dir='ltr'>cum</span> <span class='ocrx_word' id='word_1_238' title='bbox 678 904 745 922; x_wconf 83' lang='lat' dir='ltr'>magno</span> 
     </span>
     <span class='ocr_line' id='line_1_32' title="bbox 227 922 745 948; baseline 0.004 -8"><span class='ocrx_word' id='word_1_239' title='bbox 227 922 308 947; x_wconf 82' lang='lat' dir='ltr'>pondere</span> <span class='ocrx_word' id='word_1_240' title='bbox 315 922 346 946; x_wconf 89' lang='lat' dir='ltr'>qui</span> <span class='ocrx_word' id='word_1_241' title='bbox 355 925 464 940; x_wconf 80' lang='lat' dir='ltr'>consumant</span> <span class='ocrx_word' id='word_1_242' title='bbox 472 928 505 940; x_wconf 75' lang='lat' dir='ltr'>vos</span> <span class='ocrx_word' id='word_1_243' title='bbox 514 928 571 946; x_wconf 88' lang='lat' dir='ltr'>usque</span> <span class='ocrx_word' id='word_1_244' title='bbox 577 922 617 940; x_wconf 79' lang='lat' dir='ltr'>ad.</span> <span class='ocrx_word' id='word_1_245' title='bbox 638 936 642 940; x_wconf 95' lang='lat'>.</span> <span class='ocrx_word' id='word_1_246' title='bbox 650 936 654 940; x_wconf 94' lang='lat'>.</span> <span class='ocrx_word' id='word_1_247' title='bbox 667 923 745 948; x_wconf 81' lang='lat' dir='ltr'>aneiqui</span> 
     </span>
     <span class='ocr_line' id='line_1_33' title="bbox 228 947 747 972; baseline 0.004 -7"><span class='ocrx_word' id='word_1_248' title='bbox 228 947 329 972; x_wconf 79' lang='lat' dir='ltr'>deglutiant</span> <span class='ocrx_word' id='word_1_249' title='bbox 342 947 424 965; x_wconf 87' lang='lat' dir='ltr'>homines</span> <span class='ocrx_word' id='word_1_250' title='bbox 437 949 469 965; x_wconf 76' lang='lat' dir='ltr'>aut</span> <span class='ocrx_word' id='word_1_251' title='bbox 487 947 536 965; x_wconf 79' lang='lat' dir='ltr'>velut</span> <span class='ocrx_word' id='word_1_252' title='bbox 548 953 612 971; x_wconf 78' lang='lat' dir='ltr'>passer</span> <span class='ocrx_word' id='word_1_253' title='bbox 624 948 704 966; x_wconf 83' lang='lat' dir='ltr'>triticum</span> <span class='ocrx_word' id='word_1_254' title='bbox 721 949 747 967; x_wconf 81' lang='lat' dir='ltr'>ita</span> 
     </span>
     <span class='ocr_line' id='line_1_34' title="bbox 227 954 746 997; baseline 0.004 -7"><span class='ocrx_word' id='word_1_255' title='bbox 227 954 302 991; x_wconf 84' lang='lat' dir='ltr'>devoret</span> <span class='ocrx_word' id='word_1_256' title='bbox 311 978 343 990; x_wconf 87' lang='lat' dir='ltr'>vos</span> <span class='ocrx_word' id='word_1_257' title='bbox 352 972 442 990; x_wconf 73' lang='lat' dir='ltr'>infernus.</span> <span class='ocrx_word' id='word_1_258' title='bbox 450 986 454 990; x_wconf 93' lang='lat'>.</span> <span class='ocrx_word' id='word_1_259' title='bbox 462 986 467 990; x_wconf 92' lang='lat'>.</span> <span class='ocrx_word' id='word_1_260' title='bbox 475 978 504 990; x_wconf 80' lang='lat' dir='ltr'>‚os</span> <span class='ocrx_word' id='word_1_261' title='bbox 513 975 607 997; x_wconf 67' lang='lat' dir='ltr'>serpentes</span> <span class='ocrx_word' id='word_1_262' title='bbox 615 972 699 997; x_wconf 68' lang='lat' dir='ltr'>pinnatas</span> <span class='ocrx_word' id='word_1_263' title='bbox 708 980 746 992; x_wconf 78' lang='lat' dir='ltr'>ma-</span> 
     </span>
     <span class='ocr_line' id='line_1_35' title="bbox 227 997 745 1022; baseline 0.002 -6"><span class='ocrx_word' id='word_1_264' title='bbox 227 997 254 1015; x_wconf 77' lang='lat' dir='ltr'>las</span> <span class='ocrx_word' id='word_1_265' title='bbox 262 1000 281 1016; x_wconf 74' lang='lat' dir='ltr'>et</span> <span class='ocrx_word' id='word_1_266' title='bbox 289 997 376 1022; x_wconf 77' lang='lat' dir='ltr'>pessimas</span> <span class='ocrx_word' id='word_1_267' title='bbox 389 997 420 1021; x_wconf 92' lang='lat' dir='ltr'>qui</span> <span class='ocrx_word' id='word_1_268' title='bbox 433 997 529 1016; x_wconf 82' lang='lat' dir='ltr'>devorent.</span> <span class='ocrx_word' id='word_1_269' title='bbox 537 1011 541 1015; x_wconf 90' lang='lat'>.</span> <span class='ocrx_word' id='word_1_270' title='bbox 549 1011 554 1015; x_wconf 81' lang='grc'><em>.</em></span> <span class='ocrx_word' id='word_1_271' title='bbox 562 997 650 1016; x_wconf 75' lang='lat' dir='ltr'>‚tributio⁴</span> <span class='ocrx_word' id='word_1_272' title='bbox 676 999 695 1017; x_wconf 85' lang='lat' dir='ltr'>Si</span> <span class='ocrx_word' id='word_1_273' title='bbox 707 1005 745 1017; x_wconf 89' lang='lat' dir='ltr'>non</span> 
     </span>
     <span class='ocr_line' id='line_1_36' title="bbox 208 1022 746 1047; baseline 0.006 -7"><span class='ocrx_word' id='word_1_274' title='bbox 208 1025 220 1033; x_wconf 77' lang='lat'>’³</span> <span class='ocrx_word' id='word_1_275' title='bbox 228 1022 300 1047; x_wconf 76' lang='lat' dir='ltr'>egeritis</span> <span class='ocrx_word' id='word_1_276' title='bbox 311 1022 436 1047; x_wconf 75' lang='lat' dir='ltr'>poenitentiam</span> <span class='ocrx_word' id='word_1_277' title='bbox 448 1024 475 1040; x_wconf 84' lang='lat' dir='ltr'>et.</span> <span class='ocrx_word' id='word_1_278' title='bbox 484 1036 487 1041; x_wconf 89' lang='lat'>.</span> <span class='ocrx_word' id='word_1_279' title='bbox 495 1022 534 1041; x_wconf 84' lang='lat' dir='ltr'>..in</span> <span class='ocrx_word' id='word_1_280' title='bbox 543 1022 609 1046; x_wconf 84' lang='lat' dir='ltr'>quibus</span> <span class='ocrx_word' id='word_1_281' title='bbox 618 1022 677 1042; x_wconf 80' lang='lat' dir='ltr'>bibitis</span> <span class='ocrx_word' id='word_1_282' title='bbox 686 1030 719 1043; x_wconf 88' lang='lat' dir='ltr'>vos</span> <span class='ocrx_word' id='word_1_283' title='bbox 727 1026 746 1042; x_wconf 87' lang='lat' dir='ltr'>et</span> 
     </span>
    </p>
   </div>
  </div>
 </body>
</html>
