823 1277
187 127 223 138 nu.
236 124 293 138 Aaou
305 122 350 138 Hm.
362 123 469 141 Arusrouea,
481 123 505 138 lib.
511 108 535 138 34-
606 123 637 138 :149

84 165 140 188 plane
164 164 232 184 infelici
255 165 344 194 languore
368 168 470 190 οοιῑεΡῑιιε,
491 165 611 184 detraxissem

83 189 173 218 defuncto
188 191 260 219 corpori
274 190 356 212 exuvies,
369 196 390 208 ac
405 190 500 209 discedens
513 190 612 215 paulisper,

83 220 114 233 me
124 214 164 238 jam
173 215 212 233 nd'
208 216 284 239 impium
293 215 364 233 facinus
375 216 507 244 praeparabam,
517 221 554 239 quo
564 215 613 234 vole-

84 239 127 258 bam
143 246 185 258 cum
201 239 294 258 defunctae
310 240 391 264 corporis
400 240 486 269 'reliquiis
502 240 612 258 convenire:

84 270 128 282 ecce
138 264 180 286 vidi,
189 265 346 289 quemadmodum
355 265 448 293 speciosus
459 265 533 289 juvenis
546 271 612 289 corpus
627 267 632 275 ⁵

85 289 182 308 Drusianae
194 296 228 308 sua
238 293 289 308 veste
302 290 380 312 velabat,
389 296 400 308 a
409 290 461 314 cujus
472 290 520 308 facie
529 290 612 308 scintillae

84 314 131 339 ignis
139 314 257 333 resiliebant
252 321 271 333 m
281 317 341 333 totum
354 314 477 339 sepulchrum.
503 315 533 333 Ex
546 315 613 339 quibus

85 345 123 358 una
142 340 160 358 in
181 346 211 358 rue
231 340 313 362 veniens,
332 346 397 358 vocem
417 339 474 361 dedit,
495 340 613 361 Callimache,

85 370 164 393 morere,
177 367 198 383 ut
211 365 265 383 vivas.
292 365 338 385 Quis
351 364 407 383 tuerit
422 364 478 383 homo
491 365 532 387 iste,
545 365 613 383 nescio.

85 389 122 408 Sed
129 389 173 413 quia
178 391 197 408 te
204 389 257 408 video
264 389 294 408 hic
301 390 336 408 Dei
344 396 423 411 servum,
430 393 450 408 et
455 396 505 408 nunc
513 396 523 408 a
536 389 612 414 paruisti
620 392 631 400 ¹·

85 414 136 436 mihi,
150 420 243 443 cognosco
260 417 279 433 et
294 415 345 433 illum
363 420 400 439 ang
400 415 449 433 elum
468 415 502 433 Dei
517 396 580 436 fixisse,
594 417 613 433 et

85 439 135 461 novi,
142 439 186 463 quia
194 445 236 457 vere
245 446 257 458 a
263 442 282 458 te
291 440 341 458 Deus
350 421 477 458 adnunciatur.
504 439 558 458 Unde
567 445 613 463 rogo

85 466 105 482 et
113 464 207 488 deprecor,
214 470 238 482 ne
246 470 276 483 me
284 465 301 483 in
311 464 345 483 hac
355 470 438 483 aerumna
446 464 545 488 relinquas.
570 464 613 482 Scio

86 489 134 507 enim
151 491 207 513 atque
224 489 331 508 reminiscor
351 495 393 513 quae
410 490 504 513 gesserim,
521 492 539 507 et
557 495 613 513 quarn

85 514 161 538 indigna
171 514 286 533 tentaverim.
312 515 338 533 Et
349 514 388 538 ipse
399 514 461 532 animo
472 520 548 533 moereo.
574 514 614 532 Uti-
621 517 633 524 '⁵

86 545 128 557 nam
135 539 204 557 viscera
208 545 250 558 mea
254 545 336 558 reserare
341 545 411 563 posses,
416 541 435 557 et
442 539 503 557 videre
508 539 613 557 interiorem

86 564 123 582 mei
147 570 221 582 sensum
245 564 319 582 doloris.
354 564 439 588 Denique
463 570 539 586 moereo,
563 564 613 588 quod

87 595 204 613 nequaquam
219 595 231 607 a
245 589 301 607 tantis
317 588 391 613 flagitiis
406 589 551 613 temperaverint.
577 588 614 607 Sed

86 614 142 638 hujus
153 614 237 632 moeroris
248 620 259 632 e
270 616 288 632 te
300 616 379 638 expecto
391 613 507 635 medicinam,
519 613 550 637 qui
562 615 584 631 ut
595 619 614 631 es

87 639 122 657 Dei
133 639 264 663 omnipotentis
277 639 392 663 praedicator,
402 638 454 662 cujus
463 641 491 657 est
499 638 548 657 filius
559 644 613 656 verus
627 641 632 648 ⁰

88 664 179 682 Dominus
186 666 249 682 noster
256 664 311 682 Jesus
320 663 410 685 Christus,
417 663 443 681 ita
449 670 460 681 a
467 666 485 682 te
492 663 568 682 verbum
575 663 615 687 ejus

88 688 143 713 cupio
156 689 207 706 scire.
234 688 274 706 Nec
288 688 358 709 dubito,
372 688 386 706 si
400 694 475 707 manum
490 688 579 712 porrigas,
594 691 615 706 ut

87 715 107 732 et
124 713 173 731 vocis
190 713 230 737 ejus
249 713 364 737 compleatur
384 713 456 735 veritas,
473 719 516 737 quae
536 713 614 735 dicebat,

88 738 179 762 Oportere
196 744 226 756 me
243 738 296 760 mori,
314 741 335 756 ut
355 738 440 756 viverem.
467 738 554 756 Mortuus
573 744 614 756 sum

88 766 150 781 autem
156 763 187 782 ille
193 763 279 785 insolens,
285 763 317 782 sed
324 763 442 781 resuscitatus
451 769 491 781 sum
500 763 549 781 mitis
558 765 613 787 atque
621 766 633 774 ¹³

89 791 201 807 mansuetus.
234 788 321 807 Mortuus
336 794 376 806 sum
393 788 477 809 Gentilis,
491 788 523 806 sed
538 788 615 806 resusci—

88 815 138 831 tatus
155 819 196 831 sum
214 813 332 831 Christianus
367 813 465 837 Cognosce
482 813 521 841 jam
541 813 614 841 quidem

89 838 192 859 veritatem,
200 838 233 856 sed
241 841 285 862 peto
294 840 317 856 ut
340 838 399 856 lenius
407 838 452 856 mihi
460 838 496 856 tuis
508 838 615 862 magisteriis

88 861 198 881 reveletur.⁷'
212 863 284 883 Quibus
299 869 331 881 ver
343 863 358 880 is
372 862 446 881 letatus
459 862 578 886 apostolus‚¹
579 863 616 881 ‘Et

89 888 133 912 quid
142 889 206 912 tagam,¹
207 888 299 912 ’inquit,¹
299 887 390 905 ‘Domine
402 887 447 906 Jesu
458 887 536 908 Christe,
546 887 613 906 nescio.
621 890 633 898 ¹·

90 913 194 937 Obstupui'
189 919 208 931 m
217 918 294 931 excessu
303 918 351 934 meo,
358 914 428 930 tantam
438 915 489 930 tuam
499 918 538 930 esse
547 912 616 930 miseri-

89 938 183 957 cordiam:
205 938 259 956 simul
280 937 372 955 insolitam
394 937 487 961 quandam
508 937 615 961 patientiam

88 966 140 982 tuam
160 964 288 987 recognosco.”
315 963 362 981 Haec
382 968 439 986 quum
458 962 539 984 dixisset,
560 962 615 980 bene<

89 988 153 1007 dicens
175 988 281 1009 Dominum,
298 987 421 1012 apprehendit
441 987 580 1008 Callimachum,
598 991 616 1006 et

90 1012 184 1032 osculatus
197 1015 225 1031 est
238 1019 286 1034 eum,
300 1013 369 1034 dicens,
383 1015 394 1022 ¹¹
402 1012 512 1030 Benedictus
527 1012 616 1031 Dominus
623 1015 635 1022 ¹⁵
