823 1277
194 103 225 119 208
298 104 351 120 Cousx
363 105 467 121 Amerinum
481 104 521 120 Novi
532 104 637 121 'rmum-n.

220 148 285 166 satur?
302 147 320 166 Si
333 150 404 166 tantum
418 151 483 173 potens
496 151 524 167 est
536 148 554 166 in
568 148 687 170 humanitate,
701 154 744 167 vere

220 172 261 191 dico
270 173 308 194 tibi,
313 173 428 197 omnipotens
437 175 465 191 est
473 176 492 191 et
498 173 516 191 in
525 173 619 192 divinitate
628 176 647 192 et
655 174 742 198 potentiae

221 197 260 221 ejus
277 200 338 222 potest
355 204 409 217 nemo
426 198 515 217 resistere,
547 198 572 217 Et
589 204 646 223 quum
663 198 706 217 dicit
723 205 743 217 se

222 223 285 241 timere
298 226 382 245 mortem,
395 229 460 248 capere
473 227 491 242 te
504 223 549 245 vult,
560 226 579 242 et
592 230 620 242 vae
633 224 665 242 tibi
678 224 713 242 erit
725 224 743 242 in

208 248 331 272 “sempiterna
350 249 416 267 secula.
442 248 562 273 Respondens
582 249 643 270 Satan,
660 249 745 274 princeps

219 273 289 294 tartari,
302 273 353 295 dixit,
367 273 416 294 Quid
431 273 517 292 dubitasti
530 276 549 292 et
563 274 638 292 timuisti
652 274 743 298 suscipere

219 298 270 316 illurn
286 298 355 320 Jesum,
369 299 491 317 adversarium
509 301 561 317 tuum
574 302 593 317 et
606 300 682 317 meum?
702 299 743 323 Ego

220 323 268 342 enim
283 324 351 342 tentavi
366 323 423 345 illurn,
436 327 454 342 et
467 323 555 348 populum
570 330 631 342 meum
647 324 742 348 antiquum

220 348 231 366 J
233 348 317 367 udaicum
326 349 404 367 excitavi
413 349 453 367 zelo
462 352 480 367 et
489 349 515 367 ira
523 349 610 367 adversus
623 355 670 367 eum.
696 349 744 367 Lan-

203 379 215 388 ¹⁰
221 379 272 391 ceam
285 374 350 392 exacui
361 373 384 392 ad
398 374 533 398 percussionem
546 374 592 398 ejus,
602 374 628 392 fel
640 377 659 392 et
670 376 742 393 acetum

220 398 284 416 miscui
297 398 340 417 dare
353 399 369 417 ei
382 399 476 423 poculum,
488 401 507 417 et
520 398 589 423 lignum
605 399 705 423 praeparavi
721 399 744 417 ad

221 423 365 448 crucifigendum
376 430 418 442 eum
431 427 449 442 et
458 424 531 442 aculeos
543 424 566 442 ad
579 424 715 449 configendum,
724 427 743 442 et

221 448 239 467 in
248 449 333 473 proximo
344 451 372 467 est
383 449 422 473 ejus
431 455 486 471 mors,
494 452 516 467 ut
526 449 626 473 perducam
635 456 677 468 eum
687 449 711 468 ad
719 452 744 471 te,

221 473 324 498 subjectum
337 474 369 492 tibi
382 477 401 492 et
413 474 462 492 mihi.
489 474 610 499 Respondens
628 474 697 493 inferus
713 475 745 496 ait,

204 498 250 517 ¹⁵Tu
263 499 307 517 mihi
321 499 387 521 dixisti,
399 499 442 523 quia
455 499 493 523 ipse
506 502 540 521 est,
552 500 583 524 qui
596 502 679 518 mortuos
691 506 703 517 a
715 505 745 518 rne

221 524 282 542 traxit.
308 524 363 542 Multi
380 524 428 543 enim
445 527 494 546 suut,
509 525 540 548 qui
556 531 567 542 a
581 530 611 543 me
627 524 656 543 hic
674 524 744 543 detenti

222 551 270 570 sunt,
285 549 316 573 qui
331 549 375 567 dum
390 549 476 568 vixerunt
489 549 508 567 in
523 549 581 571 terris,
595 556 606 568 a
619 556 648 568 me
662 552 745 568 mortuos

222 573 309 596 tulerunt,
326 580 364 593 non
384 574 421 592 suis
454 574 533 596 otentiis,
550 574 581 593 sed
603 574 667 593 divinis
686 574 744 599 preci-

221 599 262 621 bus,
277 602 296 617 et
310 599 425 624 omnipotens
457 605 489 618 eus
505 606 569 618 eorum
584 599 672 618 abstraxit
687 605 718 617 eos
733 605 744 617 a

203 630 257 643 nme.
282 624 328 645 Quis
343 627 371 643 est
382 624 416 643 iste
434 624 493 646 Jesus,
506 625 537 649 qui
550 630 583 649 per
598 625 672 643 verbum
689 629 743 643 suum

222 652 304 668 mortuos
309 656 320 668 a
326 656 356 668 me
363 650 431 668 traxit?
444 650 526 668 Forsitan
532 650 571 674 ipse
578 653 611 672 est,
617 650 648 674 qui
653 650 743 668 Lazarum

222 674 363 699 quatriduanum
375 674 471 693 foetentem
484 677 503 693 et
516 675 630 696 dissolutum,
642 681 697 699 quem
710 680 744 699 ego

222 700 307 718 tenebam
325 702 425 721 mortuum,
442 700 521 718 reddidit
537 700 599 718 vivum
616 706 649 724 per
669 700 744 718 verbum

222 724 291 748 imperii
305 724 349 749 ejus.
375 725 495 749 Respondens
507 725 569 746 Satan,
580 725 664 749 princeps
675 724 745 750 mortiS,

204 749 274 771 udixit,
292 750 333 774 Ipse
350 752 378 768 est
395 750 424 768 ille
442 750 501 768 Jesus.
527 750 575 768 Haec
593 753 655 768 autem
670 749 745 768 audiens

223 774 292 793 inferus
305 775 351 793 dixit
359 775 382 793 ad
394 781 443 797 eum,
452 775 534 799 Conjuro
546 778 564 793 te
573 781 606 799 per
618 775 693 793 virtutes
704 777 745 792 tuus

224 802 243 818 et
251 805 307 821 meas,
316 806 339 818 ne
348 800 436 824 perducas
445 806 487 818 eum
496 800 519 818 ad
528 806 563 818 me.
589 800 629 824 Ego
638 800 685 818 enim
695 802 746 820 tunc,

224 824 298 849 quando
316 825 376 843 audivi
397 825 492 850 imperium
512 825 562 843 verbi
582 825 627 849 ejus,
644 824 746 843 contremui

223 850 329 874 perterritus
335 856 408 875 pavore,
415 853 434 869 et
440 850 501 869 omnia
510 850 572 869 officia
579 857 620 869 mea
629 850 683 874 impia
692 848 746 868 simul

206 881 297 894 mmecum
318 876 426 894 conturbata
443 878 490 894 sunt⁴
523 876 563 894 Nec
580 876 639 900 ipsum
656 875 746 893 Lazarum

224 903 287 919 tenere
300 901 399 925 potuimus,
413 900 445 919 sed
460 901 554 919 excutiens
570 907 589 919 se
603 903 624 919 ut
638 899 699 924 aquila
713 905 746 924 per

225 931 299 944 omnem
314 926 414 950 agilitatem
427 928 446 944 et
459 925 570 944 celeritatem
588 925 645 944 salivit
661 925 723 943 exiens
736 930 747 942 a

225 951 289 972 nubis;
309 954 327 969 et
340 951 379 975 ipsa
394 953 447 972 terra,
461 957 503 975 quae
516 951 590 969 tenebat
605 950 669 969 Lazari
682 955 748 974 corpus

225 976 308 997 mortale,
315 976 376 994 statim
385 976 462 994 reddidit
472 976 538 994 vivum.
566 976 595 994 lta
603 982 652 994 nunc
661 981 696 1000 ego
705 974 748 995 sci0.

205 1007 217 1016 ω
225 1001 267 1025 quia
279 1000 309 1019 ille
321 1001 383 1022 homo,
391 1001 422 1025 qui
434 1001 474 1020 haec
486 1003 545 1025 potuit
560 1000 627 1023 facere,
639 1001 684 1019 deus
697 999 748 1019 fortis
