823 1277
174 95 195 110 84
267 94 322 110 Ounxx
335 94 442 110 Amnum
452 92 495 110 Novi
506 92 612 109 Taunum.

200 136 254 155 Tunc
266 135 351 155 Herodes
359 142 392 154 rex
404 136 476 154 vocavit
489 141 553 159 magos
564 137 584 154 et
592 135 689 160 diligenter
698 135 725 154 in—

201 161 280 185 quisivit,
286 161 361 185 quando
369 161 395 179 eis
404 160 488 185 apparuit
497 160 562 179 stella:
576 163 594 178 et
602 161 652 179 misit
660 167 693 179 eos
701 160 725 178 ad

201 186 297 205 Bethleem
306 186 374 207 dicens,
383 188 394 196 “
402 186 431 204 Ite
440 188 459 204 et
467 185 511 203 mihi
520 187 584 209 rogate
597 185 694 210 diligenter
702 185 725 204 de

201 217 265 236 puero,
277 214 296 229 et
308 217 366 235 quum
379 210 484 228 inveneritis
496 216 545 232 eum,
556 210 662 229 renuntiate
675 210 726 232 mihi,

189 242 195 251 ι
203 238 223 254 ut
232 238 251 254 et
259 242 294 260 ego
304 236 378 254 veniens
387 235 462 253 adorem
471 236 529 253 eum.”

227 260 319 279 Euntibus
330 263 393 278 autem
406 260 464 284 magis
472 260 491 278 in
504 259 534 278 via
545 260 629 284 apparuit
640 260 699 282 stella,
708 262 727 279 et

203 285 255 310 quasi
264 291 306 310 quae
316 285 404 304 ducatum
413 287 510 309 praestaset
518 284 559 306 illis,
568 285 593 303 ita
606 284 728 304 antecedebat

203 317 241 332 eos,
250 316 347 335 quousque
356 310 474 334 pervenirent
480 309 511 328 ubi
518 315 564 334 puer
571 312 616 328 erat.
641 309 728 329 Videntes

203 338 265 354 autern
274 335 346 353 stellam
355 334 403 359 magi
408 334 465 359 gavisi
475 337 519 353 sunt
527 334 595 359 gaudio
603 341 676 359 magno.
703 335 728 353 Et

186 366 198 376 ιο
203 360 279 385 ingressi
288 360 364 378 domum
373 360 483 378 invenerunt
492 359 582 378 infantem
591 359 602 378 J
604 366 655 378 esum
664 359 729 378 seden-

204 388 241 404 tem
256 385 275 403 in
287 385 329 403 sinu
342 384 413 403 Μαι-ἴε.
439 384 492 402 Tunc
507 387 619 409 aperuerunt
633 384 728 403 thesauros

204 416 247 429 suos
254 412 273 428 et
279 409 384 434 ingentibus
388 409 495 427 muneribus
500 412 644 428 muneraverunt
650 410 728 429 Mariam

204 438 224 454 et
235 434 311 459 Joseph.
344 434 382 459 Ipsi
392 436 454 452 autem
466 433 532 452 infanti
544 434 652 453 obtulerunt
663 434 729 459 singuli

205 466 294 479 munera:
308 465 355 477 unus
364 459 431 477 obtulit
439 464 511 480 aurum,
519 458 566 477 alius
575 458 623 481 thus,
632 459 678 478 alius
686 465 730 478 vero

188 484 306 509 mmyrrham.
338 484 375 504 Qui
389 489 447 508 quum
456 483 479 502 ad
489 483 584 502 Herodem
593 490 655 508 regem
663 484 730 503 reverti

206 509 281 531 vellent,
286 509 374 528 admoniti
382 508 450 527 suntin
458 508 538 530 somniis,
544 515 567 527 ne
574 508 654 527 redirent
659 509 682 527 ad
692 509 731 528 He-

206 534 276 553 rodem.
302 534 331 552 Illi
338 536 399 552 autem
405 533 528 552 adoraverunt
534 533 623 552 infantem
632 540 674 553 cum
681 535 732 553 omni

207 559 281 584 gaudio,
289 561 308 577 et
316 565 349 584 per
357 558 406 577 viam
419 558 473 577 aliam
482 558 550 576 reversi
559 561 602 577 sunt
610 559 628 577 in
637 559 731 583 regionem

208 590 266 603 suam.

392 630 475 649 CAPUT
488 630 550 649 XVII.

190 666 204 676 n
234 659 302 677 Videns
311 661 372 677 autem
383 658 468 677 Herodes
481 665 514 677 rex
528 658 578 683 quod
586 658 651 677 illusus
666 661 714 677 esset
723 665 734 678 a

208 684 272 708 magis,
281 683 417 702 inflammatum
422 686 450 702 est
457 689 488 702 cor
495 683 540 707 ejus,
547 686 566 702 et
574 683 623 702 misit
630 690 663 708 per
670 690 734 702 omnes

209 709 247 727 vias
260 708 324 727 volens
335 714 400 733 capere
414 714 445 726 eos
458 711 476 726 et
489 708 605 730 interficere;
620 715 667 733 quos
688 715 734 727 uum

209 733 283 758 penitus
292 733 373 752 invenire
384 739 422 751 non
435 733 531 757 potuisset,
539 733 589 751 misit
600 733 623 751 ad
632 733 679 752 Beth
687 740 734 756 eem,

210 761 229 777 et
238 764 302 777 omnes
311 758 378 776 occidit
389 757 469 776 infantes
478 763 489 775 a
500 757 572 776 bimatu
580 760 599 775 et
607 757 660 779 infra,
669 764 734 777 secun-

191 790 203 800 ιε
210 783 255 802 dum
261 785 334 807 tempus
340 782 390 807 quod
397 782 508 806 exquisierat
514 788 525 800 a
533 782 596 806 mag-is.
621 783 670 801 Ante
676 789 734 802 unum

209 814 254 827 vero
263 807 318 829 diem,
326 814 382 832 quam
393 807 430 826 hoc
441 807 501 828 fieret,
510 807 615 826 admonitus
627 810 655 826 est
663 808 674 826 J
676 808 733 833 oseph

211 833 233 852 ab
242 832 309 857 angelo
323 832 403 854 Domini,
412 832 443 856 qui
453 831 499 850 dixit
507 832 538 853 illi,
548 832 619 851 “Tolle
629 833 707 851 Mariam
716 836 736 852 et

210 857 308 879 infantem,
325 860 344 876 et
358 863 391 881 per
408 857 456 875 viam
474 857 530 875 eremi
546 863 603 881 perge
620 859 639 876 et
656 858 702 877 vade
715 859 734 877 in

211 883 329 907 AEgyptum.”
357 882 368 901 J
370 882 427 907 oseph
445 887 488 900 vero
505 882 607 901 secundum
622 883 682 907 angeli
699 883 737 902 dic-

194 914 207 924 ιν
212 910 253 926 tum
261 907 299 926 iVit.

388 954 472 973 CAPUT
488 954 561 974 XVIII.

238 984 338 1008 Quumque
353 984 479 1008 pervenissent
487 984 510 1003 ad
525 984 631 1009 speluncam
644 985 737 1010 quandam
